2571 3775
389 318 460 372 63
1187 319 1481 341 ⁸¹-

392 439 576 499 habens
596 440 863 510 puniceas3
890 449 999 491 toto
1019 448 1186 490 autem
1207 454 1418 508 corpore
1437 433 1628 508 reliquo
1650 431 1843 490 diverfis
1863 447 1913 488 et
1933 436 2080 504 gratis
2101 435 2285 492 colori-

390 516 483 572 bus
505 516 572 569 est
597 511 849 568 distinffius
872 526 922 566 et
940 509 1177 582 depic‘lus.
2049 520 2072 541 ἡ
2168 528 2203 561 0

507 690 512 693 -
542 623 812 693 Γλαῦκος,
867 621 1113 683 Glaucus,
1156 623 1186 673 i.
1207 638 1247 673 e.
1283 617 1512 673 caeruleo
1546 617 1717 672 colore
1756 615 1927 688 pistus.
1975 615 2283 690 'Aristoteles

394 704 459 756 H.
483 699 546 752 A.
571 703 623 751 11.
656 717 731 761 17.
768 696 1001 765 glaucum
1021 710 1068 749 et
1085 695 1319 766 hepatum
1341 712 1518 765 paucas
1542 707 1734 746 tantum
1757 696 1964 762 intestini
1987 696 2284 766 appendices

396 774 461 829 ad
480 771 707 843 pylorum
727 770 906 824 habere
930 770 1085 823 tradit.
1160 773 1276 821 VIII.
1308 788 1325 819 1
1344 788 1385 831 3.
1419 773 1469 821 in
1492 767 1665 839 pelago
1688 767 1787 821 alto
1809 769 1994 822 versari.
2053 775 2169 822 VIIL
2203 791 2221 823 1
2240 790 2283 833 ς.

397 849 603 920 piscium
631 844 855 899 nonnulli
887 848 1034 897 etiam
1068 844 1242 896 aestate
1280 843 1469 896 conditi
1501 843 1648 896 latent
1685 846 1735 895 in
1772 847 1924 906 mari,
1966 858 2020 896 ut
2049 844 2283 913 glaucus;

400 925 483 980 hic
512 924 646 974 enirn
674 937 760 990 per
794 918 844 972 id
868 932 1061 988 tempus
1094 916 1141 970 se
1161 915 1293 969 abdit
1312 921 1503 970 circiter
1532 917 1636 969 dies
1660 923 1746 970 60.
1835 922 1953 973 Hist.
1988 924 2102 971 VIII.
2134 939 2175 971 e.
2203 938 2283 983 30.

401 995 605 1066 glaucus
630 1008 678 1047 et
701 993 929 1061 gravidus
947 1009 1104 1064 aeque
1130 990 1291 1045 bonus
1315 992 1396 1044 esu
1413 993 1480 1044 est
1501 1009 1650 1063 quam
1672 994 1780 1062 post
1798 1007 2003 1064 partum.
2077 990 2285 1064 Oppia-

404 1076 501 1126 ’πως
524 1074 557 1122 Ι.
592 1086 709 1130 170.
748 1067 980 1137 glaucum
1013 1084 1129 1119 cum
1156 1065 1257 1120 aliis
1287 1079 1446 1136 petras
1482 1064 1622 1119 fimul
1669 1080 1717 1119 et
1750 1085 1917 1121 arenas
1950 1085 2114 1120 amare
2141 1070 2284 1119 canit.

406 1148 578 1214 Qiem
620 1139 855 1196 Aelianus
875 1147 908 1194 I.
948 1147 1024 1194 16.
1076 1144 1299 1193 nominat
1334 1139 1593 1208 glaucum,
1643 1144 1683 1194 is
1726 1142 1787 1194 ad
1818 1141 2098 1214 squalorum
2128 1160 2284 1210 genus

407 1223 640 1293 pertinet,
673 1231 727 1270 ut
746 1215 876 1269 red'te
899 1215 1235 1268 animadvertit
1249 1210 1455 1281 Artedi,
1491 1233 1517 1267 a
1541 1213 1711 1269 colore
1730 1216 1957 1269 caeruleo
1974 1220 2092 1269 item
2112 1214 2285 1269 discus,

407 1288 728 1363 Aristotelem
761 1289 1066 1360 transscripsit
1084 1286 1293 1344 Plinius
1313 1293 1394 1340 IX.
1418 1307 1459 1340 c.
1490 1296 1569 1342 16.
1617 1290 1844 1361 quidam,
1894 1295 2080 1363 inquit,
2126 1291 2286 1344 rursus

407 1369 564 1422 aestus
590 1369 887 1437 impatientia
908 1364 1083 1418 mediis
1105 1361 1378 1416 fervoribus
1400 1361 1649 1432 sexagenis
1671 1364 1846 1417 diebus
1866 1364 2039 1426 latent,
2079 1380 2131 1418 ut
2150 1365 2287 1434 glau-

409 1446 497 1495 ’ωε
516 1440 660 1502 aselli,
688 1453 893 1492 auratae.
969 1438 1107 1491 Idem
1127 1442 1324 1492 XXXII.
1347 1456 1388 1490 c.
1421 1456 1440 1488 1
1462 1458 1498 1490 1.
1537 1456 1600 1491 ex
1624 1435 1817 1493 Ovidio
1841 1439 2074 1508 glaucum
2095 1442 2288 1502 aestate,

411 1533 668 1587 nunquam
690 1532 917 1585 apparere
934 1510 1092 1566 refert.
1168 1511 1317 1565 Vides
1343 1526 1398 1563 ut
1418 1512 1585 1565 eundo
1608 1510 1735 1565 fama
1756 1514 1959 1566 crescat!
2025 1519 2077 1566 In
2098 1510 2289 1568 'Ovidii

409 1589 791 1645 hodierniversu
822 1609 836 1640 1
860 1607 935 1651 17.
965 1588 1055 1640 est:
1104 1603 1160 1638 ac
1179 1603 1432 1657 nunquam
1454 1588 1634 1640 aestivo
1657 1586 1944 1658 conspecslus
1972 1586 2124 1642 fidere
2152 1588 2289 1657 glau-

412 1683 526 1726 cus;
566 1663 700 1736 quod
725 1663 786 1715 de
807 1661 1022 1714 canicula
1041 1659 1413 1728 intelligendum
1437 1663 1518 1714 est.
1554 1665 1606 1713 In
1628 1659 1926 1716 Xenocrate
1951 1663 2012 1715 de
2030 1662 2290 1717 Alimento

414 1741 477 1792 'ex
500 1736 809 1810 Aquatilibus
841 1755 884 1788 c,
906 1756 951 1801 9.
971 1754 1015 1806 p.
1045 1754 1123 1798 3¹·
1166 1734 1367 1802 glaucus
1398 1754 1484 1805 per
1515 1740 1682 1788 omnia
1703 1735 1865 1790 fimilis
1889 1735 2064 1789 labraci
2086 1738 2289 1798 dicitur3

414 1813 553 1886 'quod
586 1812 646 1865 de
674 1812 842 1882 sapore
874 1809 926 1863 fit
949 1808 1323 1877 intelligendum
1346 1826 1408 1861 an
1439 1809 1502 1862 de
1537 1807 1728 1872 forma,
1768 1810 1975 1863 dubium
2011 1812 2091 1864 est.
2187 1811 2289 1864 Alii

416 1892 562 1941 'etiam
590 1885 932 1965 γλαυκίσκον,
980 1882 1304 1952 glauciscum,
1342 1883 1558 1937 eundem
1584 1882 1766 1937 faciunt
1785 1904 1902 1938 cum
1926 1884 2133 1954 glauco,
2171 1890 2291 1939 item

410 1957 728 2032 glaucidium
762 1977 787 2011 a
821 1957 1116 2030 quibusdam
1132 1956 1440 2027 appellatum.
1531 1958 1624 2011 Sed
1647 1958 1993 2028 suspicionibus
2016 1963 2182 2013 omnia
2218 1963 2294 2013 ni·

416 2048 599 2088 tuntur.
673 2036 789 2086 Hoc
811 2051 930 2085 vero
956 2032 1078 2085 mihi
1100 2032 1301 2104 quidem
1337 2032 1652 2085 certissimum
1678 2034 1881 2097 videtur,
1915 2033 2147 2102 glaucum
2169 2031 2292 2088 Ari-

406 2105 604 2180 stotelis
640 2107 700 2160 ab
722 2106 943 2173 ejusdem
970 2105 1131 2158 hamia
1163 2105 1406 2158 diversum
1434 2105 1527 2158 effe
1559 2105 1642 2159 nifi
1672 2126 1878 2175 genere,
1931 2100 2086 2162 saltini
2122 2110 2294 2180 specie.

420 2187 594 2255 Neque
619 2185 751 2235 enim
780 2180 858 2233 ille
881 2181 1084 2251 piscium
1104 2184 1305 2233 nomina
1326 2179 1458 2250 plura
1484 2180 1546 2233 de
1565 2181 1739 2233 eadem
1757 2183 1912 2252 specie
1935 2200 2123 2251 ponere
2148 2183 2292 2245 solet3

420 2273 513 2310 nec
557 2261 607 2309 in
659 2259 825 2326 aprico
866 2256 973 2306 sunt
1019 2268 1329 2322 argumenta,
1404 2253 1579 2326 quibus
1627 2257 1848 2308 errorem
1888 2256 2294 2312 demonstremus.

418 2332 689 2394 Noviffima
723 2325 786 2382 L.
815 2325 905 2381 le.
932 2324 1189 2381 Gronovii
1227 2328 1428 2397 suspicio
1457 2329 1524 2379 est
1554 2328 1615 2379 ad
1643 2325 1812 2382 Plinii
1834 2328 2013 2383 librum
2033 2336 2112 2384 IX.
2139 2352 2185 2403 p.
2208 2339 2240 2385 6
2250 2352 2292 2394 3·

418 2402 687 2477 propofita,
721 2401 951 2470 glaucum
974 2401 1067 2454 ess‘e
1098 2401 1280 2469 gadum
1317 2400 1690 2455 Carbonarium.
1767 2405 1862 2457 Sed
1890 2409 2038 2459 tutius
2067 2408 2133 2460 est
2168 2407 2294 2475 judi-

418 2484 555 2532 cium
576 2475 821 2531 cohibere.
898 2473 1124 2544 lfidorus
1144 2475 1271 2544 apud
1304 2473 1364 2529 V
1362 2473 1630 2529 immitium
1657 2482 1799 2530 XVII.
1825 2498 1865 2532 c.
1898 2499 1919 2540 ς
1936 2500 1979 2537 ς.
2031 2480 2234 2549 glaucus
2263 2500 2291 2536 a

420 2553 592 2606 colore
623 2549 778 2604 did‘tus
799 2551 887 2613 est,
927 2568 989 2603 eo
1014 2549 1150 2622 quod
1175 2548 1227 2601 fit
1250 2548 1400 2603 albus.
1501 2554 1679 2605 Graeci
1715 2557 1848 2605 enim
1882 2552 2049 2608 album
2078 2556 2292 2623 glaucon

420 2627 618 2686 dicunt,
669 2625 747 2678 hic
770 2626 943 2678 aestate
965 2642 1072 2677 raro
1098 2638 1322 2693 apparet,
1356 2621 1440 2676 nifi
1461 2638 1649 2677 tantum
1669 2630 1719 2678 in
1742 2626 1927 2680 nubilo.
2013 2628 2202 2683 Ibidem
2230 2650 2292 2683 ex

419 2699 639 2754 'versione
662 2701 843 2753 vetusta
866 2695 1159 2767 Aristotelis
1185 2696 1330 2751 verba
1350 2702 1412 2750 ita
1438 2703 1722 2752 recitantur:
1755 2702 1956 2772 quidam
1981 2707 2113 2756 enim
2139 2705 2293 2774 pisces

418 2777 469 2830 in
491 2778 705 2828 cavernis
731 2785 928 2826 manent
951 2776 998 2824 in
1019 2773 1218 2833 aestate,
1265 2771 1383 2843 ficut
1406 2770 1607 2839 glaucus
1638 2792 1726 2843 per
1758 2795 1826 2839 40
1852 2776 1982 2838 dies,
2024 2795 2079 2830 ac
2116 2779 2290 2848 depre-

418 2848 646 2902 henditur
667 2850 775 2920 post
799 2845 1125 2902 ascensionem
1149 2849 1313 2902 canis..
1341 2889 1343 2891 »
1371 2851 1512 2916 Qae
1541 2847 1684 2917 plane
1711 2849 1819 2903 sunt
1853 2850 2033 2905 diversa
2061 2871 2085 2906 a
2105 2858 2291 2922 graecis

414 2922 597 2977 verbis!
1531 2930 1535 2932 “

2005 3105 2286 3187 Κεστρεῦς,
