2571 3775
448 338 549 395 158

438 478 557 530 gem
581 454 830 511 marinum
852 456 1102 518 nominet,
1138 452 1406 525 probabilis
1429 451 1704 509 admodum
1727 453 1850 509 mihi
1869 453 2342 526 videturconjedlm

439 553 491 588 ra
515 528 804 597 Hermolai‚
840 533 990 584 etiam
1018 526 1171 584 Come
1194 527 1417 601 Gesnero
1440 529 1660 601 Aquatil.
1681 543 1797 600 pag:
1814 548 1936 594 750·
1969 550 2072 585 non
2097 533 2339 605 despeela,

438 626 618 677 oryges
645 602 920 661 Strabonis
949 604 1158 658 eosdem
1179 603 1272 656 effe
1297 623 1415 655 cum
1442 601 1771 667 orcisPlinii,
1801 624 1966 677 eoque
1987 606 2169 661 ducere
2193 611 2337 663 vide-

441 699 523 737 tur
551 686 699 735 etiam
727 683 932 734 varietas
960 680 1219 748 scripturae
1249 674 1454 739 Orclza,
1492 697 1645 751 quam
1671 676 2000 744 Vincentia&
2047 681 2246 751 Auctor
2274 685 2338 738 de

444 773 617 811 natura
647 773 813 808 rerum
843 764 896 805 'et
924 747 1161 806 filbertus
1196 749 1490 821 praeferunt.
1568 752 1907 821 Qlodfi'vero
1931 760 2071 824 orygi
2094 775 2282 822 nomen
2313 777 2339 813 a

442 829 760 887 fimili-tudine
782 831 948 896 orygis
975 827 1212 879 terrestris
1248 829 1401 878 unico
1429 829 1482 878 in
1514 823 1674 881 fronte
1704 846 1860 880 cornu
1890 834 2061 883 armati
2089 851 2336 902 ponamus

448 906 665 960 inditum
695 902 816 965 effe,
853 915 961 954 tum
984 898 1230 970 praee-lare
1249 899 1452 974 quidem
1476 905 1786 970 comparatio
1819 901 2174 968 liburnicarum·
2198 909 2339 961 rostri

444 999 471 1034 a
501 975 679 1034 Plinio
713 978 932 1047 usurpata
963 977 1288 1028 convenit·'in
1313 978 1704 1029 Monocerotem
1730 977 1977 1039 nostrum3
2011 979 2092 1030 sed
2123 978 2340 1034 belluam

446 1052 675 1107 dentibus
709 1050 1041 1104 truculentam
1072 1049 1335 1117 agnoscere
1371 1062 1481 1101 tum
1523 1068 1627 1103 non
1655 1051 1923 1120 possumus.
2030 1057 2162 1120 Ergo
2193 1054 2340 1108 dubia

446 1131 617 1186 omnia
643 1127 723 1180 hic
748 1127 879 1178 sunt!
917 1127 1263 1177 Monocerotis
1285 1137 1367 1176 aut
1386 1128 1552 1193 potius
1577 1124 1817 1177 Tricheei
1846 1126 1927 1178 seu
1958 1129 2195 1180 Rosmari·
2218 1129 2341 1182 den-

446 1218 518 1257 tes
554 1205 710 1255 innuit
729 1197 937 1254 Solinus
965 1216 1067 1269 cap.
1092 1215 1175 1249 22.
1207 1197 1270 1250 de
1287 1201 1560 1261 Britannia,
1609 1198 1694 1251 ubi
1714 1203 1801 1256 ait:
1843 1204 1927 1272 qui
1950 1201 2145 1254 student
2163 1202 2342 1267 cultui,

444 1276 678 1331 dentibus
709 1278 930 1327 nantium
955 1276 1103 1326 etiam
1124 1270 1400 1326 belluarum
1420 1272 1682 1341 infigniunt
1701 1273 1888 1327 enfium
1913 1274 2142 1344 capulos;
2175 1278 2344 1331 candi-

448 1366 561 1406 cant
584 1354 720 1404 enim
746 1349 811 1402 ad
835 1347 1104 1402 eburneam
1125 1345 1408 1400 claritatem.
1463 1347 1548 1399 Ad
1567 1347 1845 1418 physeteres
1866 1368 1988 1403 vero
2008 1349 2155 1405 nobis
2178 1351 2342 1405 dicffos

447 1441 596 1498 atque
632 1423 838 1477 aliarum
867 1441 928 1475 ex
959 1420 1059 1474 hoc
1092 1420 1269 1474 ordine
1303 1420 1578 1474 belluarum
1609 1426 1961 1490 migrationem
1996 1444 2210 1478 annuam
2241 1427 2345 1496 spe-

447 1499 602 1562 Ctant,
640 1516 765 1570 quae
786 1493 995 1551 Plinius
1015 1499 1097 1548 IX.
1118 1513 1165 1547 c.
1185 1514 1227 1552 ς.
1258 1495 1428 1557 tradit,
1466 1495 1680 1551 Tiberio
1703 1516 1885 1568 nempe
1915 1503 2138 1570 principe
2172 1516 2343 1554 contra

445 1571 785 1642 Lugdunensis
808 1573 1093 1642 provinciae
1112 1568 1227 1623 ‘litus
1259 1569 1479 1623 ininsula
1498 1569 1640 1624 fimul
1665 1579 1904 1626 trecentas
1923 1573 2132 1644 amplius
2160 1573 2344 1628 belluas

447 1653 844 1718 reciprocantem
872 1644 1129 1698 destituiffe
1148 1662 1424 1707 oceanum,
1457 1648 1612 1698 mirae
1633 1650 1878 1700 varietatis
1909 1661 1953 1700 et
1977 1650 2345 1716 magnitudini&

445 1742 544 1777 nec
574 1725 833 1792 pauciores
871 1723 923 1773 in
953 1724 1228 1786 Santonum
1267 1717 1438 1780 litore,
1484 1723 1710 1791 interque
1740 1721 1952 1791 reliquas
1982 1722 2266 1792 elephantos
2295 1738 2346 1776 et

444 1802 652 1859 arietes,
691 1794 907 1849 candore
926 1807 1118 1847 tantum
1141 1791 1373 1846 cornibus
1394 1793 1673 1847 affimilatis.
1712 1822 1780 1834 -·-
1834 1799 2088 1849 Turanius
2108 1799 2344 1867 prodidit,

450 1887 505 1926 ut
531 1871 667 1924 idem
695 1873 762 1924 ait
786 1865 1021 1931 Plinius,
1059 1865 1308 1937 expulsam
1328 1866 1545 1920 belluam
1571 1871 1622 1920 in
1647 1868 1887 1922 Gaditana
1909 1869 2049 1923 litora
2065 1908 2078 1933 ,
2111 1875 2251 1938 cujus
2274 1877 2347 1924 in-

450 1960 524 1998 ter
545 1946 665 1997 duas
685 1949 857 2014 pinnas
880 1941 1083 1996 ultimae
1103 1941 1286 1994 caudae
1306 1941 1517 2008 (caudae
1535 1946 1736 2011 pinnam
1759 1941 1998 1996 bifurcam
2019 1944 2148 2012 vult)
2182 1945 2346 1998 cubita

451 2020 702 2073 sexdecim
733 2015 946 2081 fuissent,
995 2015 1167 2069 dentes
1197 2015 1419 2080 ejusdem
1460 2034 1575 2069 120.
1619 2020 1831 2069 maximi
1861 2018 2177 2073 dodrantium
2215 2024 2280 2088 (i.
2304 2038 2347 2073 e.

454 2104 484 2159 {2
505 2094 681 2165 pedis)
713 2092 965 2153 mensura,
992 2093 1185 2142 minimi
1207 2090 1531 2159 semipedum.
1606 2095 1887 2144 Numerum
1910 2093 2133 2147 dentium
2160 2113 2187 2147 a
2204 2093 2346 2148 libra·
2373 2123 2376 2127 ·

450 2174 536 2225 rii-s
569 2167 770 2222 audium
800 2165 902 2218 effe
917 2178 1140 2234 apparet3
1177 2163 1468 2231 magnitudo
1504 2164 1611 2218 satis
1639 2170 1929 2219 conveniret
1956 2166 2223 2236 physeteri,
2259 2168 2347 2222 nifi

453 2245 786 2299 t-ota‘narratio
822 2237 1035 2292 fabulosa
1059 2240 1140 2291 est.
1215 2241 1451 2309 Denique*
1479 2241 1528 2289 in
1551 2239 1794 2292 aedilitate
1817 2241 1897 2292 sua
1917 2244 1987 2292 M.
2012 2247 2219 2296 Scaurus
2244 2248 2346 2296 Ro-

453 2336 565 2372 mae
604 2314 858 2386 speelanda
893 2312 1124 2365 retulerat
1162 2329 1224 2363 ex
1249 2312 1447 2381 oppido
1478 2312 1682 2365 Iudaeae
1717 2318 1868 2383 Ioppe
1903 2314 2001 2367 offa
2033 2316 2220 2370 belluae
2258 2316 2346 2370 ali-

455 2395 623 2458 cujus,
658 2387 966 2455 longitudine
998 2385 1185 2455 pedum
1209 2403 1278 2449 40
1297 2423 1311 2447 ,
1342 2384 1596 2437 altitudine
1627 2388 1871 2440 costarum
1896 2390 2094 2444 Indicos
2115 2390 2346 2461 elephan-

455 2481 534 2520 tos
564 2462 862 2522 excedente,
911 2461 1071 2530 spinae
1101 2459 1408 2512 crassitudine
1436 2460 1772 2531 sesquipedali,
1813 2463 2115 2533 (semipedali
2136 2462 2347 2521 Solinus
2378 2492 2383 2498 ·

459 2540 659 2607 habet);
690 2550 744 2589 ut
769 2533 940 2589 auctor
964 2536 1032 2587 est
1057 2533 1191 2585 idem
1212 2530 1473 2604 Plinius'l.
1496 2533 1537 2584 c.
1574 2538 1683 2587 Fuit
1703 2539 1851 2603 igitur
1872 2550 1972 2590 tota
1994 2537 2182 2593 belluae
2205 2559 2346 2593 coms

456 2632 607 2685 pages
631 2611 758 2666 ossea
779 2614 994 2663 Romam
1006 2621 1280 2679 apportata,
1302 2608 1447 2681 quod
1464 2626 1526 2662 ex
1553 2608 1806 2664 altitudine
1826 2612 2071 2667 costarum
2094 2632 2344 2668 memora-

457 2704 504 2742 ta
528 2689 641 2741 licet
661 2702 880 2753 arguere.
1288 2716 1291 2719 -
1628 2696 1630 2698 ’

609 2838 930 2907 Modum-505,
969 2831 1269 2897 Mysticetus.
1327 2825 1615 2898 Arfstoteles
1636 2835 1703 2885 Ἠ.
1723 2833 1788 2885 Α.
1819 2836 1894 2885 ΠΙ.
1921 2851 1998 2886 12.
2032 2838 2197 2907 Lepus
2218 2835 2346 2897 solus
2374 2862 2376 2865 ·

464 2908 752 2964 animalium
783 2906 1133 2975 (terrestrium)
1165 2922 1268 2957 non
1300 2901 1460 2955 solum
1490 2903 1576 2956 sub
1605 2904 1813 2974 pedibus
1833 2907 1914 2960 sed
1938 2913 2090 2962 >etiam
2118 2915 2171 2963 in
2191 2910 2347 2963 bucca

466 2989 595 3037 intus
624 2981 768 3035 habet
805 2981 947 3051 pilos.
1023 2976 1255 3030 Similiter
1279 2980 1429 3029 etiam
1451 2980 1730 3044 mysticetus
1759 2981 1929 3035 dentes
1956 2986 2004 3036 in
2034 3002 2121 3037 ore
2145 2985 2348 3056 quidem

468 3057 630 3110 nullos
662 3055 832 3116 habet,
871 3054 953 3107 sed
980 3052 1106 3124 pilos
1136 3050 1282 3104 suillis
1314 3051 1422 3103 setis
1450 3050 1642 3105 ssmiles.
1686 3054 1768 3107 ubi
1796 3070 1934 3109 vetus
1966 3058 2120 3111 verfio
2151 3077 2176 3110 a
2202 3057 2350 3119 Gallo

471 3129 655 3184 Cumas
678 3128 884 3201 inspecta
912 3131 1146 3183 nominat·
1171 3122 1568 3198 lmpistocetum,
1601 3122 1803 3184 Alberti
1829 3130 1980 3186 versio
2018 3127 2349 3203 mastnkykor,

2197 3204 2354 3261 Gaza
