2571 3775
1994 336 2090 384 191

207 432 420 502 homine
439 436 744 501 adbrachia,
778 439 829 490 in
850 433 1253 509 quadrupedibus
1274 435 1336 488 ad
1355 434 1511 506 pedes
1531 441 1825 506 anterioreS,
1861 447 1911 498 in
1936 445 2108 503 avibus>

210 521 274 574 ad
306 521 431 581 alas,
477 522 528 570 in
557 512 773 585 piscibus
800 511 860 563 ad
891 514 1075 579 pinnas⁴
1098 527 1282 579 pronas
1312 513 1368 577 (i.
1395 529 1436 562 e.
1465 528 1652 579 pronae
1680 521 1852 584 partis,
1899 519 2107 577 laterum

203 595 459 652 .thoraciS,·
487 585 757 660 pettorales
786 587 934 652 igitur
963 586 1179 653 pinnas.)
1282 587 1400 653 Cap.
1423 590 1480 637 V.
1513 588 1665 640 Nervi
1691 588 1891 657 plurimi
1917 596 2107 663 conspi-

209 673 408 722 ciuntur
431 667 558 715 circa
580 659 794 722 collum,
833 657 1055 721 brachia,
1087 657 1272 727 pede8‚
1305 676 1481 712 manus
1505 675 1555 712 et
1580 662 1807 731 scapulas.
1911 666 2110 733 Quibus

210 743 355 795 datus>
377 739 444 791 est
472 737 688 803 sanguis,
725 733 906 787 iisdem
933 736 1081 785 etiam
1102 733 1210 785 sunt
1238 736 1390 785 nervi.
1465 734 1559 786 Sed
1584 753 1710 807 quae
1738 736 1899 790 nullos
1930 738 2122 794 habent·

209 812 470 872 articulos,
507 812 792 879 privataque
815 805 1025 877 pedibus
1047 821 1096 859 et
1125 804 1351 858 manibus
1375 807 1512 868 sunt,
1553 813 1609 862 iis
1628 825 1918 879 praetenues
1950 829 1999 867 et
2018 814 2112 868 ob-

205 891 329 946 scuri
358 884 613 938 habentur.
694 887 1011 957 Qapropter
1047 884 1095 933 in
1115 878 1326 950 piscibus
1355 885 1441 950 qui
1467 884 1600 945 juxta
1621 888 1791 953 pinnas
1812 885 1951 956 positi
1983 889 2110 952 sunt,

205 964 472 1033 praecipue
491 962 691 1012 veniunt
712 960 763 1008 in
786 953 1121 1025 conspec‘ium.
1172 952 1305 1005 Male
1325 951 1536 1007 Plinius
1556 974 1617 1008 ex
1639 957 1688 1009 h.
1710 957 1738 1010 1.
1769 965 1850 1012 XI.
1881 960 2003 1014 Sett.
2024 977 2048 1020 8
2062 975 2107 1022 8.

205 1029 322 1091 Sine
346 1038 506 1093 nervis
530 1034 637 1087 sunt
659 1030 900 1104 quaedam
920 1028 1176 1092 animalia,
1214 1041 1269 1079 ut
1290 1028 1471 1097 pisces:
1507 1034 1692 1085 arteriis
1714 1036 1849 1087 enim
1873 1038 2109 1091 constant.

355 1158 434 1207 De
457 1153 600 1215 sexu,
630 1155 770 1205 coitu>
789 1164 836 1203 et
855 1152 1176 1217 generatione
1193 1147 1396 1217 piscium
1421 1145 1571 1201 multa
1593 1148 2000 1220 phyfioiogorum
2021 1172 2111 1207 ve·
2179 1150 2182 1157 ’

207 1244 369 1283 terum
399 1226 489 1279 fuit
513 1226 755 1279 dubitatio
786 1239 833 1277 et
864 1227 1162 1295 opinionum
1196 1226 1427 1284 varietas,
1466 1242 1618 1295 quam
1649 1243 1709 1278 ex
1728 1225 2012 1295 Aristotelis
2042 1229 2107 1281 de

199 1307 546 1367 ,Generatione
577 1300 701 1353 libro
727 1305 799 1352 III.
831 1317 872 1351 c.
898 1318 940 1356 ς.
972 1295 1193 1349 referam.
1287 1298 1458 1367 Atque
1490 1301 1553 1349 ita
1581 1299 1667 1350 fiet
1699 1299 2011 1356 manifestum
2043 1321 2105 1356 ex

206 1377 406 1432 illorum
427 1380 666 1448 opinione
684 1378 770 1446 qui
791 1372 1070 1424 uni-versum
1096 1370 1303 1439 piscium
1335 1385 1493 1435 genus
1524 1371 1641 1423 sexu
1671 1370 1950 1428 foeminino
1983 1395 2105 1429 con-

205 1453 328 1507 stare
345 1451 665 1509 afferuerant,
701 1446 955 1501 adhaesit-Te
986 1443 1072 1513 ipfi
1091 1438 1375 1513 Aristotelis
1404 1442 1657 1507 docirinae
1681 1466 1930 1511 errorem,
1969 1453 2105 1519 post-

206 1545 262 1578 ea
283 1527 370 1578 diu
391 1538 722 1595 ‘propagatum‘
751 1541 837 1592 per
859 1518 1011 1574 libros
1033 1517 1341 1579 asseclarum,
1381 1517 1444 1572 de
1464 1519 1580 1572 sexu
1604 1521 1822 1579 masculo
1843 1527 1890 1575 in
1918 1542 2107 1592 genere

203 1599 446 1671 passerum
479 1592 755 1673 (ψηττῶγ)
788 1595 1044 1663 erythrini,
1087 1593 1306 1648 channae
1331 1606 1380 1645 et
1406 1590 1619 1663 phoxini
1636 1595 1916 1651 deficiente.

354 1714 501 1770 Sunt,
540 1709 724 1779 inquit,
761 1710 848 1776 qui·
868 1704 1031 1757 dicant
1052 1722 1235 1757 omnes
1262 1704 1411 1774 pisces
1444 1702 1689 1759 foeminas
1720 1706 1839 1770 effe,
1881 1712 2101 1779 exceptis

202 1782 554 1851 cartilagineis3
586 1780 713 1833 male
743 1794 922 1831 tamen.
998 1783 1173 1830 Putant
1195 1781 1332 1830 enim
1349 1776 1597 1831 foeminas·
1616 1779 1676 1832 ab
1707 1785 1791 1844 iis,
1831 1786 1918 1854 qui
1938 1802 2099 1836 mares

202 1857 472 1919 habentur,
508 1855 689 1909 eodem
709 1853 853 1924 piane
879 1852 1040 1907 modo
1062 1852 1288 1914 differre,
1328 1853 1450 1904 utin
1471 1852 1747 1922 plantarum
1776 1875 1956 1924 genere
1975 1876 2103 1930 quae

203 1929 421 1984 frucium
441 1944 626 1998 gerunt
655 1948 679 1981 a
703 1926 971 1988 sterilibus,
1009 1926 1141 1979 velut
1160 1925 1298 1988 olea,
1337 1926 1568 1988 oleaster,
1606 1930 1731 1983 ficus
1762 1946 1810 1983 et
1826 1933 2102 2000 caprificus,

203 2010 270 2059 Ita
296 2010 444 2058 etiam
463 2005 616 2074 pisces
639 2006 852 2055 invicem
872 2001 1068 2054 differre
1091 2014 1284 2070 praeter
1307 2000 1670 2068 cartilagineos,
1710 2004 1771 2056 de
1794 2004 1973 2076 quibus
1993 2025 2098 2060 non

203 2079 486 2147 ambigitur,
557 2080 628 2131 At
652 2081 786 2130 enim
810 2074 977 2145 fimilis
998 2078 1122 2128 ratio
1154 2076 1221 2127 est
1240 2079 1455 2143 partium
1475 2076 1783 2130 feminalium
1811 2083 1860 2131 in
1879 2079 2098 2134 maribus

204 2153 438 2207 ommibus
468 2167 575 2206 tum
603 2149 902 2217 cartilaginei
931 2163 1038 2202 tum
1061 2152 1249 2218 ovipari
1268 2152 1489 2216 generis3
1523 2163 1668 2222 atque
1700 2156 1749 2204 in
1780 2167 1991 2225 utroque
2016 2173 2105 2222 ge-

204 2247 320 2281 nere
340 2229 504 2280 semen
537 2229 690 2279 emitti
712 2224 938 2276 videmus
965 2238 1102 2276 certo
1125 2223 1344 2295 quodam
1366 2238 1607 2293 tempore.
1662 2230 1927 2281 foeminae
1951 2234 2100 2284 etiam

200 2301 370 2356 vulvas
391 2299 587 2354 habent..
661 2301 819 2371 Atqui
848 2313 950 2351 non
984 2297 1143 2351 modo
1174 2297 1327 2367 pisces
1357 2312 1553 2350 uterum
1586 2316 1837 2368 gerentes,
1879 2303 1958 2355 sed
1986 2303 2097 2356 reli-

203 2395 330 2448 quos
361 2380 510 2428 etiam
542 2372 723 2444 steriles
745 2370 920 2426 vulvas
936 2371 1119 2425 habere
1151 2385 1427 2442 oporteret,
1465 2389 1748 2445 quanquam
1774 2377 2007 2443 diversas,
2042 2391 2097 2430 ut

203 2449 365 2504 mulae
385 2449 566 2502 habent
586 2452 636 2499 in
658 2465 837 2515 genere
858 2450 1196 2500 veterinorum
1218 2444 1389 2499 vulvas
1406 2446 1488 2500 etfi
1507 2449 1714 2511 steriles,
1753 2450 1786 2504 fi
1807 2451 1987 2504 scilicet
2011 2471 2096 2520 ge-

201 2542 298 2578 nus>
334 2542 486 2578 omne
515 2524 722 2592 piscium
750 2522 865 2574 sexu
895 2518 1150 2574 foemineo
1186 2519 1327 2583 effet,
1367 2539 1460 2573 nec
1491 2521 1575 2575 nifi
1607 2523 1851 2578 sterilitate
1882 2525 2095 2579 nonnul-

201 2598 704 2666 lorum'discreparet.
829 2597 1016 2649 Contra
1055 2595 1280 2647 videmus
1324 2597 1637 2666 quorundam
1677 2598 1930 2653 seminales
1976 2606 2097 2662 vias,

202 2673 413 2727 aliorum
434 2671 628 2732 vulvas3
657 2685 802 2741 atque
821 2668 942 2722 haec
964 2668 1028 2720 de
1049 2670 1275 2722 universo
1294 2669 1471 2722 ordine
1489 2670 1616 2723 valet
1635 2671 1909 2728 observatio
1930 2677 2092 2728 discri-

193 2752 373 2809 minis,
410 2761 598 2817 praeter
617 2748 876 2813 geminum
896 2742 1126 2810 erythrini
1146 2759 1195 2796 et
1215 2743 1431 2805 channae
1451 2762 1622 2811 genus.
1700 2747 1863 2814 (Abbi
1885 2751 2092 2818 pafferes

199 2838 249 2876 et
273 2822 528 2891 phoxinos
546 2820 718 2882 addit).
796 2820 990 2872 Omnes
1020 2821 1154 2870 enim
1178 2817 1349 2889 reliqui
1378 2819 1528 2887 pisces
1559 2825 1732 2890 partim
1758 2826 1859 2875 vias
1886 2818 2091 2876 semina-

198 2896 269 2950 les
284 2934 296 2957 ‚
329 2896 407 2948 alii
432 2895 600 2948 vulvas
619 2892 815 2947 habent.
901 2897 1048 2944 Error
1069 2906 1235 2944 autem
1257 2896 1505 2962 opinionis
1531 2896 1661 2947 istius
1683 2893 1818 2947 facile
1846 2917 1961 2950 cum
1983 2902 2088 2961 ejus

196 2972 336 3025 causti
361 2985 557 3023 naturae
575 2967 912 3021 observatione
935 2965 1041 3021 tolli
1063 2967 1232 3036 potest.
1299 2966 1504 3018 Nullum
1526 2968 1696 3020 dicunt
1723 2988 1879 3036 genus
1903 2976 2088 3025 anima-

195 3043 320 3097 lium
343 3064 403 3097 ex
435 3048 571 3098 coitu
592 3039 777 3095 multos
798 3060 970 3112 parere
997 3038 1181 3104 foetus:
1231 3040 1362 3093 rec-ste
1394 3040 1459 3092 illi
1491 3043 1720 3113 quidelm
1759 3052 1929 3099 omitia·
1947 3051 2084 3101 enim

189 3118 443 3187 animalia,
482 3122 567 3194 qui
594 3115 818 3191 perfedia.
841 3135 905 3177 ex
929 3117 976 3173 se
1006 3130 1241 3186 generant
1269 3130 1352 3171 aut
1370 3116 1595 3172 animalia
1625 3133 1707 3173 aut
1737 3138 1862 3187 ova,
1904 3141 2083 3176 nume-

2015 3219 2077 3258 ΓΟ
