2571 3775
997 349 1295 417 ἔξει-ι
1475 351 1480 353 ·
2000 347 2109 404 185,

206 470 619 549 παραπλησίαν)
656 486 719 522 ex
737 465 891 537 planis
911 461 1117 537 quidam
1139 459 1344 529 longam
1367 473 1417 514 et
1436 461 1681 531 spinosam
1712 461 1908 517 habent.
1979 465 2101 519 Inde

206 553 342 599 enim
362 546 773 616 reliquicorporis
794 545 1159 592 incrementum
1193 539 1243 588 in
1274 535 1429 588 latum
1459 535 1715 605 procedit,
1755 536 1906 590 veluti
1939 541 2126 610 torpe-'

210 620 336 683 dini,
373 622 644 689 pastinacae
663 629 712 668 et
732 613 964 670 fimilibus
988 610 1290 685 quibusdam
1312 609 1636 679 cartilagineis
1658 609 1884 679 piscibus.

368 731 569 780 Horum
589 728 738 795 igitur
762 722 1081 791 caudalonga
1105 734 1156 773 et
1176 720 1380 791 spinosa,
1418 719 1630 773 aliorum
1649 718 1811 773 brevis
1833 732 1882 772 et
1903 718 2103 773 carnosa

207 800 418 855 eandem
437 800 504 854 ob
526 804 771 854 rationem
793 800 874 852 est.
949 795 1086 850 Nihil
1107 799 1242 848 enim
1260 793 1405 848 refert
1431 793 1594 848 brevis
1616 794 1911 866 carnosaque
1933 792 2002 857 fit,
2043 811 2108 849 an

207 874 355 942 longa
388 889 436 929 et
465 876 681 944 rigidior.
759 877 947 930 Contra
972 870 1151 925 accidit
1172 887 1315 922 ranae
1339 874 1583 931 marinae,
1623 871 1762 935 cujus
1791 867 1995 922 latitudo
2020 886 2107 921 an·-

211 952 361 1003 terior
387 954 611 1020 corporis
643 969 760 1002 cum
783 952 946 1001 minus
967 947 1022 1002 fit
1047 945 1242 999 carnosa
1257 982 1271 1006 ,
1314 957 1484 996 natura
1505 956 1749 1014 quantum
1771 941 2108 1013 corpulentiae

209 1024 543 1078 anterioribus
557 1022 774 1095 partibus
787 1023 1058 1082 ademerat,
1077 1033 1271 1072 tantum
1284 1016 1639 1087 posterioribus
1650 1031 1700 1069 et
1711 1017 1894 1070 caudae
1908 1017 2108 1070 addidit.

209 1097 426 1151 Piscibus
439 1114 568 1152 artus
582 1097 705 1163 nulli
717 1096 1014 1167 dependent,
1037 1097 1148 1166 quia
1162 1106 1332 1145 natura
1345 1111 1524 1146 eorum
1539 1090 1600 1143 ad
1613 1090 1878 1143 natandum
1892 1088 2013 1144 facta
2027 1092 2110 1144 est.

210 1176 362 1241 Igitur
383 1174 444 1226 ad
456 1172 724 1227 natandum
737 1176 910 1243 pinnas
923 1162 1231 1247 (πτερύγια,
1244 1171 1273 1219 i.
1289 1185 1330 1219 e.
1351 1165 1526 1232 alulas)
1539 1179 1836 1237 acceperunt
1848 1186 1862 1227 3
1900 1163 2110 1236 pedibus

209 1257 348 1310 vero',
370 1251 457 1320 qui
472 1249 534 1301 ad
548 1249 822 1301 terrestrem
841 1244 1079 1299 incessum
1096 1240 1239 1295 utiles
1254 1242 1378 1303 sunt,
1394 1254 1573 1294 carent.
1587 1270 1654 1282 --
1693 1244 1816 1293 Sunt
1831 1243 1996 1293 etoris
2010 1239 2110 1293 dis-

211 1325 436 1375 crimina.
535 1322 756 1392 Quidam
779 1324 912 1373 enim
936 1323 988 1372 in
1007 1316 1209 1372 adverso
1233 1314 1416 1369 habent
1434 1331 1575 1377 ante,
1615 1314 1694 1368 alii
1716 1318 1766 1367 in
1788 1314 1955 1384 supina
1978 1328 2112 1385 parte

211 1392 360 1460 infra,
400 1395 556 1451 veluti
581 1395 802 1467 delphini
823 1408 870 1449 et
898 1392 1221 1460 cartilaginei3
1261 1409 1412 1462 quare
1433 1391 1696 1460 resupinati
1723 1403 1772 1441 et
1796 1388 2016 1443 conver-fi
2039 1392 2110 1441 ci-

211 1467 334 1522 bum
356 1475 565 1540 capiunt.
647 1476 768 1540 Qo
788 1468 875 1524 situ
900 1484 1069 1522 natura
1088 1485 1194 1532 ‚non
1213 1464 1375 1519 solum
1399 1465 1608 1535 piscium
1628 1463 1936 1535 reliquorum
1955 1462 2110 1526 saluti,

210 1545 291 1597 sed
312 1546 529 1616 ipsorum
550 1539 697 1598 etiam
718 1547 998 1605 voracitatis
1019 1543 1204 1595 damno
1231 1539 1401 1593 caviffe
1425 1539 1632 1592 videtur.
1717 1542 1970 1591 Praeterea
2001 1540 2111 1610 qui-

209 1618 327 1672 dam
364 1623 466 1674 oris
503 1618 683 1673 riflum
719 1619 964 1673 rescissum
1000 1615 1211 1677 habent,
1263 1613 1347 1668 alii
1385 1612 1581 1667 brevius
1616 1626 1667 1665 e't
1696 1611 1831 1665 velut
1864 1610 2112 1666 obtusum.

210 1688 473 1770 (μύδρον).
549 1696 808 1749 Carnivori
831 1697 977 1761 igitur
997 1709 1177 1760 omnes
1203 1708 1261 1743 os
1282 1688 1531 1747 resciffum
1559 1686 1773 1749 habent,
1820 1684 2112 1741 animalium

210 1771 381 1831 instar,
428 1765 608 1841 quibus
629 1767 920 1837 peffinatim
940 1767 1113 1818 dentes
1146 1777 1360 1829 coeunt3
1416 1766 1476 1815 iis
1509 1766 1644 1815 enim
1677 1765 1805 1814 vires
1833 1779 1922 1815 ore
1953 1764 2112 1816 conti-

213 1857 403 1897 nentur.
481 1842 734 1915 Reliquis,
770 1844 857 1915 qui
874 1859 1020 1894 carne
1041 1858 1144 1892 non
1166 1838 1453 1899 vescuntur,
1491 1839 1543 1888 in
1574 1835 1867 1889 brevitatem
1896 1855 1956 1889 os
1989 1855 2114 1890 con-

213 1915 423 1972 traitum
435 1919 517 1971 est·
593 1920 781 1971 Cutem
805 1916 1009 1989 quidam
1033 1914 1244 1985 squamis
1264 1910 1470 1965 obfitam
1490 1909 1703 1972 habent3
1741 1911 1969 1983 squamae
1990 1929 2114 1964 vero

213 2006 415 2064 propter
435 1994 726 2045 tenuitatem
749 2005 797 2044 et
819 1989 1132 2061 splendorem
1162 1980 1569 2062 (λαμπρότητα,
1606 1985 1904 2053 rigiditatem
1926 1982 2114 2054 Gaza)

215 2084 428 2137 corpore
454 2067 652 2119 exstant.
700 2065 1035 2140 (αἰφίστοιτοιᾼ
1065 2064 1133 2121 ri}
1170 2056 1437 2134 σώματος,
1482 2060 1669 2114 summa
1706 2061 1929 2130 corporis
1959 2078 2114 2113 occu.

212 2156 332 2212 pant
351 2138 534 2208 Gaza)
568 2139 646 2192 alii
679 2140 922 2209 asperam,
961 2137 1114 2190 veluti
1136 2136 1352 2206 squatina
1377 2137 1536 2200 etraja
1560 2148 1608 2186 et
1631 2131 1834 2196 similes5
1889 2135 2114 2204 pauciffi-
2179 2198 2183 2201 ‚

212 2219 285 2269 mi
308 2214 512 2268 laevem.
590 2214 1038 2281 Cartilagineorum
1049 2213 1174 2265 cutis
1194 2210 1406 2281 squamis
1426 2208 1631 2281 quidem
1651 2221 1807 2271 caret,
1841 2208 1923 2261 sed
1944 2209 2109 2279 aspera

215 2292 309 2352 est,
346 2293 586 2361 quoniam
606 2307 697 2359 pro
721 2287 822 2341 offe
846 2285 1079 2353 cartilago
1101 2288 1162 2337 iis
1185 2284 1293 2335 data
1318 2286 1399 2336 est.
1483 2284 1764 2336 Terrestres
1788 2287 1922 2336 enim
1945 2298 2108 2354 partes

214 2378 385 2418 natura
405 2368 453 2417 in
473 2366 595 2416 cutis
615 2363 921 2434 asperitatem
941 2360 1158 2413 secrevit.
1235 2359 1413 2411 Testes
1442 2358 1646 2428 piscium
1678 2356 1838 2411 nullus
1868 2357 1948 2411 vel
1979 2361 2112 2411 intus

214 2437 292 2493 vel
320 2452 462 2492 extus
482 2435 642 2490 habet.
717 2440 943 2488 Meatum
967 2452 1086 2488 vero
1118 2446 1555 2486 excrementorum
1584 2445 1634 2484 et
1662 2430 1972 2485 seminalium
2001 2451 2110 2503 par-

213 2517 340 2567 tium
365 2529 692 2565 communem
713 2509 922 2572 habent,
961 2506 1112 2560 veluti
1135 2506 1322 2579 reliqua
1342 2510 1542 2576 ovipara
1565 2506 1898 2579 quadrupedia
1921 2511 2107 2562 anima-

215 2587 305 2650 lia,
344 2591 457 2658 quia
473 2585 627 2638 vefica
651 2587 857 2638 urinaria
886 2596 1078 2645 carent,
1127 2599 1220 2635 nec
1253 2585 1305 2634 in
1336 2597 1515 2635 eorum
1546 2599 1759 2652 corpore
1794 2590 2109 2639 excrementa

215 2661 397 2736 liquida
429 2659 706 2714 consistunt.

364 2775 444 2824 De
475 2769 640 2839 lingua
657 2768 863 2840 piscium
886 2762 1184 2837 Aristoteles
1201 2768 1263 2818 H.
1286 2764 1350 2817 A.
1369 2768 1421 2817 ΙΙ.
1448 2782 1528 2817 10.
1578 2764 1733 2819 Pisces
1757 2767 1808 2819 in
1830 2768 2108 2823 universum

215 2846 438 2915 linguam
455 2846 700 2915 spinosam
724 2862 817 2896 nec
836 2840 1105 2895 absolutam
1125 2839 1334 2900 habent3
1381 2840 1581 2912 quidam
1603 2838 1774 2893 locum
1794 2839 1988 2910 linguae
2006 2841 2108 2912 pla-

215 2940 279 2974 ne
304 2919 496 2973 laevem
516 2920 947 2990 indiscretumque,
982 2909 1400 2991 (ἀδιάρθρωτον)
1423 2929 1476 2967 ut
1503 2914 1587 2969 nifi
1612 2913 1802 2967 labrum
1830 2916 2105 2973 admodum

218 2996 471 3048 diduxeris
494 3012 556 3046 ne
578 2995 839 3061 vestigium
859 2990 1065 3062 quidem
1085 2989 1277 3058 linguae
1300 3002 1539 3059 appareat.
1612 2989 1907 3043 Accusatius
1923 2994 2104 3047 iterum

217 3070 279 3122 de
303 3069 523 3122 Partibus
545 3073 599 3120 11.
633 3088 648 3119 ι
664 3086 710 3127 7.
764 3071 910 3136 Quos
944 3063 1116 3132 vulgus
1141 3082 1307 3117 carere
1327 3062 1487 3131 lingua
1507 3076 1642 3133 putat
1659 3063 1838 3133 pisceS,
1893 3066 2103 3123 eandem

215 3157 383 3200 tamen
401 3143 586 3201 habent
603 3141 685 3197 sed
709 3140 878 3217 aliquo
906 3139 1067 3198 modo
1096 3138 1447 3269 admei-{ptem
1475 3151 1523 3194 et
1555 3135 1758 3196 brevem
1787 3138 2104 3221 (γλίσχρον)

1344 3228 1370 3267 ἃ
1923 3234 2102 3272 croco-
