2571 3775
385 401 489 453 290
950 441 956 444 ,
1202 406 1495 428 --“““···

381 520 487 570 nire
517 512 769 573 videmus,
827 526 953 582 quae
994 508 1250 577 congelata
1280 513 1431 563 vitam
1466 523 1630 564 tamen
1677 510 2051 583 redipiscuntur;
2116 521 2331 576 *Verum

380 585 757 643 'recordabimur
805 601 974 639 contra
1015 584 1199 638 horum
1244 584 1529 638 animalium
1559 586 1849 654 sanguinem
1891 595 2047 658 magis
2084 591 2242 648 calere
2281 609 2353 649 et*

381 666 570 729 majore
604 680 719 714 cum
750 664 936 730 impetu
967 678 1148 728 corpus
1178 663 1460 728 pervagari,
1520 677 1672 731 quam
1706 662 1760 714 fit
1790 667 1840 716 in
1867 665 2072 734 piscium
2101 671 2331 727 universo

381 755 577 808 genere.
615 739 849 787 Tentavit
869 733 1041 786 eadem
1066 736 1115 784 in
1133 732 1233 786 hoc
1251 736 1586 802 experimenta
1607 730 1721 788 lob.
1735 732 1975 809 Hminem
1997 758 2091 793 nec
2111 760 2346 814 unquam¹

382 829 548 867 tamen
578 810 760 862 caudae
782 808 1067 875 congelatae
1087 808 1228 858 usum
1249 808 1481 876 recepiffe
1503 809 1655 878 pisces
1683 810 1818 862 vidit.

529 887 674 955 Aqua
707 884 1028 952 respirationis
1061 883 1377 933 instrumenta
1412 886 1461 934 in
1491 884 1697 951 piscium
1720 901 1903 950 genere
1921 886 2141 956 pluribus
2162 890 2335 945 modis

384 960 534 1014 afficit
556 963 780 1030 vitaeque
805 975 981 1010 eorum
1001 969 1167 1016 nocet,
1203 973 1352 1026 quam
1375 973 1457 1008 aer
1475 954 1635 1009 facere
1659 956 1778 1011 solet
1801 962 1850 1011 in
1871 962 2161 1017 animalibus
2185 965 2328 1019 calidi

383 1036 639 1102 sanguinis.
718 1030 1017 1101 Complures
1057 1047 1235 1102 aquam
1271 1029 1424 1099 pisces
1464 1032 1725 1102 postquam
1766 1050 1853 1103 per
1892 1033 2094 1106 aliquod
2131 1053 2330 1110 tempus

383 1109 641 1163 hauserunt
664 1107 1078 1177 respiraruntque‚
1114 1107 1174 1156 ita
1199 1104 1395 1155 tandem
1419 1121 1764 1174 corrumpunt,
1804 1121 1856 1159 ut
1875 1124 2044 1163 natura
2068 1115 2174 1164 eius
2187 1113 2329 1183 plane

382 1182 564 1238 inutilis
596 1184 678 1234 fiat
710 1181 770 1232 ad
801 1183 950 1232 vitam
981 1197 1158 1232 eorum
1193 1178 1576 1240 sustentandani;
1635 1180 1773 1251 quod
1808 1184 1928 1234 item
1957 1185 2159 1248 accidit,
2209 1206 2327 1240 cum

384 1258 607 1312 'animalia
643 1255 777 1326 plura
808 1253 944 1307 fimul
979 1254 1163 1307 eodem
1193 1255 1241 1303 in
1276 1251 1391 1305 loco
1429 1251 1653 1306 conclusa
1695 1254 1916 1307 eundem
1941 1275 2104 1312 aerem
2135 1261 2328 1330 spirant.

381 1337 572 1390 Verum
596 1348 749 1402 aquae
772 1326 1082 1381 multifariam
1117 1344 1277 1380 noxae
1309 1331 1571 1380 materiem
1606 1341 1653 1379 et
1681 1331 1870 1390 maiore
1903 1336 2045 1402 copia
2072 1352 2221 1405 quam
2245 1355 2326 1389 aer

312 1436 314 1438 ·
381 1409 649 1461 immistam
669 1402 1040 1474 dissolutamque
1063 1401 1271 1463 vehunt,
1312 1419 1461 1472 quam
1489 1402 1677 1471 saepius
1698 1404 1905 1472 piscium
1927 1404 2186 1461 branchiae
2209 1429 2327 1464 cum
2350 1455 2354 1458 ,

384 1482 571 1534 damno
594 1484 717 1532 vitae
739 1480 1073 1548 experiuntur,
1095 1493 1246 1547 quam
1267 1475 1530 1545 pulmones
1549 1476 1835 1530 animalium
1848 1497 2013 1533 aerem
2027 1484 2326 1551 spirantium.

383 1555 553 1609 Nihilo
572 1570 737 1607 tamen
756 1556 922 1606 minus
943 1569 1096 1623 aquae
1122 1555 1418 1604 mutationes
1440 1550 1677 1621 quasdam
1693 1552 1931 1608 notabiles
1945 1556 2148 1625 piscium
2170 1578 2327 1624 genus

382 1629 523 1686 facile
547 1633 751 1699 patitur3
790 1646 851 1680 ex
880 1632 1016 1698 aquis
1037 1627 1171 1678 enim
1190 1622 1308 1678 lalfis
1339 1625 1402 1677 ad
1426 1623 1594 1678 dulces
1626 1625 1768 1680 multi
1801 1627 2009 1683 libenter
2042 1645 2090 1684 et
2122 1635 2328 1686 viciffim

385 1724 447 1758 ex
479 1703 707 1756 dulcibus
737 1702 796 1755 ad
829 1701 960 1754 salsas
995 1700 1252 1753 transeunt.
1331 1698 1557 1752 Similem
1601 1705 1723 1754 aeris
1766 1708 2091 1757 mutationem
2138 1722 2187 1758 et
2225 1721 2326 1759 tam

385 1779 594 1834 subitam
616 1777 990 1850 quadrupedum
1014 1793 1169 1842 genus
1190 1778 1272 1827 vix
1294 1771 1420 1827 ferre
1440 1775 1573 1844 posse
1594 1775 1799 1828 videtur.
1861 1784 2050 1830 Verum
2070 1780 2161 1849 ipsa
2185 1798 2327 1849 orga-
2350 1815 2352 1817 »

385 1873 570 1908 norum
596 1854 924 1922 respirationis
955 1848 1130 1901 fabrica
1157 1851 1322 1900 minus
1350 1846 1560 1918 perfetf‘ta
1592 1853 1643 1900 in
1673 1849 1853 1901 natatili
1883 1869 2062 1919 genere
2094 1855 2326 1908 convers&

384 1943 585 1998 apparet
609 1946 633 1980 a
658 1941 824 1979 natura
851 1928 901 1977 in
923 1923 1191 1977 commoda
1216 1925 1342 1975 vitae
1363 1925 1496 1987 ejus;
1534 1921 1611 1974 illa
1635 1927 1771 1974 enim
1797 1927 2018 1994 impedit,
2054 1933 2325 1997 quominus

383 2020 547 2056 noxae
568 2015 666 2053 tam
685 2005 814 2053 varia
838 2014 885 2051 et
910 1997 1138 2069 frequens
1160 2000 1363 2049 materia
1386 1994 1630 2049 branchiis
1653 1996 1884 2068 applicata
1908 2000 1969 2052 ad
1989 2004 2217 2056 interiora
2238 2022 2326 2074 pe-

383 2091 572 2132 netrare
594 2090 642 2128 et
666 2078 766 2126 vim
792 2077 916 2125 vitae
936 2072 1113 2124 inferre
1140 2072 1299 2140 poffit.

530 2155 582 2201 In
612 2167 789 2221 aquam
824 2146 1104 2200 destillatam
1142 2144 1376 2198 immiffus
1406 2144 1665 2216 pisciculus
1697 2159 1749 2198 et
1777 2152 2033 2214 gutturnio
2065 2150 2322 2206 conclusus

380 2225 614 2281 obturato
646 2227 798 2276 vitam
838 2221 959 2274 ultra
1003 2240 1065 2283 30
1103 2220 1250 2273 horas
1289 2221 1536 2289 produxit.
1631 2224 1844 2291 Syrupus
1881 2219 2126 2278 violarum
2170 2244 2324 2298 aquae
2401 2270 2404 2273 ,

383 2298 641 2353 destillatae
672 2315 814 2368 parce
844 2297 1050 2357 affusus,
1086 2298 1167 2346 cui
1197 2294 1350 2362 pisces
1371 2292 1676 2356 innatabant,
1715 2295 1776 2348 ab
1797 2300 1936 2351 initio
1961 2299 2186 2353 colorem
2219 2320 2322 2354 non

381 2377 617 2434 mutavit3
654 2372 852 2425 tandem
886 2389 1007 2423 vero
1039 2368 1294 2439 paululum
1327 2368 1388 2420 ad
1415 2369 1707 2420 viriditatem
1739 2369 1942 2433 tranfiit3
1991 2377 2130 2441 cujus
2163 2390 2323 2429 muta-

379 2453 531 2502 tionis
556 2448 690 2499 causa
716 2451 764 2498 in
786 2449 919 2498 muci
940 2447 1069 2508 eius,
1111 2462 1214 2512 quo
1247 2442 1449 2510 piscium
1482 2461 1661 2511 corpus
1682 2442 1971 2508 obducitur,
2014 2447 2228 2516 partibus
2255 2448 2323 2501 alss
2352 2483 2356 2486 ν

381 2522 546 2576 calinis
579 2520 658 2573 fita
690 2520 783 2573 effe
814 2519 1017 2572 videtur.
1094 2521 1190 2570 Hic
1223 2519 1357 2568 enim
1389 2515 1682 2568 admiscetur
1714 2523 1866 2589 aquis.
1941 2522 2101 2576 Pisces
2132 2527 2322 2576 veroin

381 2597 472 2651 hac
492 2613 645 2667 aquae
664 2596 917 2665 syrupique
937 2590 1177 2645 violarum
1198 2591 1394 2643 mistura
1421 2587 1547 2644 bene
1570 2590 1805 2646 valebant.
1882 2597 2032 2648 Gutta
2055 2616 2174 2651 vero
2193 2597 2319 2651 acidi

377 2669 646 2725 arsenicalis
678 2669 824 2721 affusa
863 2685 1069 2736 magnae
1106 2666 1210 2718 satis
1249 2682 1488 2736 aquarum
1525 2670 1695 2734 copiae
1733 2668 1919 2736 piscem
1950 2669 2017 2722 ibi
2049 2671 2316 2739 degentem

378 2749 538 2800 statim
559 2746 783 2813 peremit.
861 2745 967 2797 Ore
1001 2741 1081 2793 hic
1115 2739 1275 2792 clauso
1303 2738 1753 2811 branchiarumque
1788 2743 2026 2811 operculo
2053 2745 2113 2797 ad
2137 2764 2318 2815 corpus

376 2817 585 2873 recludio
618 2816 1019 2887 conspiciebatur.
1095 2819 1147 2866 ln
1172 2813 1319 2866 succo
1348 2818 1586 2866 citrorum
1616 2813 1736 2867 alius
1749 2834 1837 2884 per
1856 2818 1937 2869 sex
1957 2817 2108 2871 horae
2130 2824 2316 2872 minuta

377 2895 595 2952 duravit3
637 2906 861 2945 mortuus
885 2889 1229 2944 branchiarum
1247 2885 1485 2941 foramina
1508 2887 1660 2940 clausa
1682 2888 1902 2941 habebat.
1944 2896 1996 2943 In
2022 2910 2164 2964 aqua,
2188 2911 2317 2964 quae
2348 2919 2350 2921 ·

374 2967 644 3022 leviculum
675 2984 874 3019 acorem
905 2965 967 3018 ab
996 2982 1106 3017 aere
1136 2964 1241 3016 fixo
1270 2975 1605 3025 contraxerat,
1647 2963 1788 3030 pilcis
1831 2963 1945 3019 alias
1977 2983 2180 3036 vegetus
2209 2969 2316 3037 post

373 3043 564 3114 aliquot
599 3041 750 3094 horae
790 3045 975 3093 minuta
1021 3041 1201 3109 periit,
1259 3050 1587 3108 mortuusque
1621 3054 1679 3087 os
1720 3051 1768 3088 et
1811 3036 2157 3095 branchiarum
2185 3040 2319 3095 fora-

369 3121 503 3171 mina
526 3131 693 3184 ‘aperta
726 3114 908 3168 habuit.
995 3115 1151 3166 Pisces
1184 3115 1235 3162 in
1265 3128 1442 3182 aquam
1475 3109 1620 3161 calcis
1657 3109 1866 3176 conjedli
1899 3117 2007 3182 post
2030 3133 2182 3184 pauca
2203 3135 2319 3169 mo..

368 3204 534 3249 menta
555 3191 738 3245 laniem
771 3189 1022 3261 copiosam
1054 3185 1398 3242 branchiarum
1428 3182 1753 3241 foraminibus
1785 3188 2098 3255 emittebant,
2130 3190 2317 3246 ,deinde

2193 3282 2319 3319 revi-
