2571 3775
1312 358 1404 367 -n-—a

314 319 420 384 316

465 446 731 502 Fasciculos
765 448 1069 519 pinguedine
1088 445 1319 513 refertos,
1355 453 1441 523 qui
1471 451 1797 521 anguillarum
1826 452 2046 523 partibus
2079 458 2265 523 genita-

315 520 442 575 libus
473 522 803 586 accumbunt,
858 529 1052 593 egregie
1085 523 1200 594 piffl
1233 544 1258 578 a
1297 522 1354 580 V
1354 523 1626 591 alistziero,
1688 528 1868 581 referre
1898 527 2025 583 forte
2060 529 2175 582 licet
2202 530 2264 581 ad

317 595 682 650 finiilitudinem
713 612 858 670 atque
889 600 1178 651 affinitatem
1203 599 1415 671 aliquam
1445 606 1709 670 anguium,
1747 602 2106 658 lacertarum—et
2129 617 2266 657 rana-³

319 690 444 724 rum.
520 677 599 726 De
619 691 713 745 qua
735 673 938 744 quidem
961 672 1186 741 fingulari
1207 671 1388 727 [abrica
1408 675 1522 728 alibi
1545 676 1680 748 plura
1701 677 1905 731 tradam.

672 825 782 878 AD
836 825 1400 878 HIPPOPOTAMI
1448 830 1908 883 HISTORIAM

953 918 1634 971 SUPPLEMENTUM.

474 1025 864 1093 Hippopotami,
901 1021 1030 1078 forte
1055 1025 1307 1093 ejusdcm,
1344 1046 1496 1099 quem
1522 1047 1695 1081 comes
1730 1032 1834 1081 eius
1858 1046 1959 1082 non
1983 1022 2088 1082 {atis
2111 1028 2273 1081 fidelis

324 1091 571 1150 Belom'us
605 1098 796 1150 viderat
830 1102 1074 1165 Byzantii,
1112 1101 1494 1171 descriptionem
1526 1104 1687 1172 posuit
1705 1100 1772 1157 P,
1795 1099 2014 1165 Gillias,
2055 1102 2278 1155 additam

327 1171 550 1236 ejusdem
573 1172 884 1242 descriptioni
907 1173 1169 1244 elephanti,
1201 1176 1455 1245 separatim
1476 1178 1633 1230 editae
1655 1176 1929 1245 Hamburgi
1954 1183 2104 1242 1614.
2145 1195 2271 1247 quae

327 1263 392 1297 ne
414 1246 594 1308 diutius
630 1251 762 1301 viros
790 1247 966 1301 docffos
997 1248 1262 1321 plerosque
1295 1249 1466 1313 lateat,
1501 1266 1553 1304 ut
1583 1252 1842 1323 hucusque
1864 1251 2083 1304 accidiffe
2106 1251 2273 1312 vide-0,

329 1319 475 1373 verba
508 1321 620 1374 inde
652 1340 714 1374 ex
748 1340 850 1392 cap.
879 1335 920 1381 8.
951 1343 997 1393 p.
1022 1342 1102 1384 25.
1135 1339 1362 1394 excerpta
1399 1330 1566 1378 omnia
1603 1346 1816 1397 ponam,
1873 1345 1975 1398 quo
2004 1330 2275 1379 accuratior

331 1398 582 1467 utriusque
602 1395 941 1465 descriptionis
971 1403 1276 1469 comparatio
1307 1401 1490 1453 institui
1510 1401 1639 1455 etde
1658 1401 1758 1454 fide
1777 1398 1832 1455 B
1833 1397 1983 1455 elorzii
2004 1404 2182 1454 certius
2200 1402 2278 1467 ju-

331 1467 519 1521 dicium
549 1471 657 1522 fieri
678 1472 838 1540 poffit.

479 1562 937 1630 Hippopotamum,
976 1565 1161 1635 inquit,
1211 1565 1348 1630 cujus
1387 1568 1582 1619 corium
1615 1565 1675 1619 ad
1707 1579 1754 1619 te
1781 1564 1926 1628 dedi,
1968 1569 2139 1618 vivum
2170 1583 2279 1617 non.

329 1632 454 1693 vidi,
502 1634 584 1686 sed
617 1641 829 1702 Byzantii
860 1637 1008 1705 longe
1039 1652 1149 1690 ante
1179 1636 1386 1691 alterum
1417 1639 1666 1703 videram,
1717 1643 1858 1707 cujus
1889 1643 2015 1692 circa
2051 1639 2274 1694 medium

330 1710 656 1763 transversum
680 1726 902 1764 ventrem
925 1716 1187 1781 perimeter
1211 1711 1329 1765 odio
1352 1713 1615 1767 dodrantes
1638 1713 2070 1784 complec‘lebatur.
2138 1711 2281 1767 Colli*

331 1801 453 1835 vero
475 1782 685 1838 ambitus
715 1789 934 1856 quinque
963 1786 1225 1839 dodrantes
1257 1787 1541 1840 excedebat.
1618 1792 1732 1854 Ejus
1768 1789 2030 1856 longitudo
2061 1806 2087 1840 a
2118 1786 2272 1840 cauda

332 1856 392 1908 ad
413 1854 627 1911 frontem
646 1859 727 1911 sex
750 1859 1048 1912 dodrantum
1070 1875 1173 1913 erat
1193 1875 1240 1912 et
1261 1861 1480 1914 scmiffis:
1520 1860 1657 1915 frons
1679 1862 1874 1932 patebat
1895 1867 1947 1915 in
1965 1863 2275 1915 latitudinem

332 1931 694 1985 dodrantalem:
734 1934 1042 1986 tantumdem
1069 1934 1204 2003 spatii
1239 1933 1573 1988 intercedebat
1591 1940 1717 1988 inter
1735 1955 1889 1990 aures.
1967 1935 2118 1991 Oculi
2136 1936 2277 1989 dista-

331 2003 448 2057 bant
471 2009 593 2058 inter
615 2008 660 2059 se
679 2009 977 2078 semipedem
993 2045 1007 2070 ,
1038 2026 1176 2061 nares
1199 2008 1464 2061 existe-bant
1482 2010 1616 2080 supra
1640 2012 1849 2063 rostrum
1871 2012 2115 2081 supinum,
2150 2015 2276 2062 inter

333 2081 379 2132 se
400 2080 623 2134 distantes
647 2083 865 2152 priimum
891 2087 1164 2136 minorem:
1201 2082 1284 2135 ubi
1308 2086 1514 2136 rostrum
1538 2085 1762 2138 dilatatur
1791 2089 1839 2137 in
1864 2085 2170 2138 latitudinem
2192 2085 2283 2138 (le-⁴·

335 2173 446 2206 cem
470 2155 766 2223 digitorum:
805 2159 999 2211 arosiro
1021 2159 1234 2220 stunmo,
1256 2157 1387 2210 unde
1411 2157 1658 2211 eminebat
1685 2178 1742 2212 os
1772 2161 1921 2232 usquc
1950 2160 2009 2212 ad
2039 2158 2276 2220 frontem,

335 2227 596 2297 longitudo
623 2244 724 2283 erat
750 2231 1102 2303 sesquipedalis.
1179 2234 1343 2285 Aures
1373 2232 1549 2299 longae
1573 2248 1709 2286 erant
1728 2235 1810 2286 sex
1831 2234 2026 2301 digitos.
2104 2233 2274 2288 Cauda

334 2303 698 2372 producebatur
723 2309 772 2357 in
804 2305 1164 2374 longitudinem
1196 2306 1403 2378 quidem
1430 2306 1579 2375 paulo
1602 2306 1712 2376 p'lus
1733 2308 2050 2361 dodrantem:
2099 2312 2149 2360 in
2173 2307 2277 2359 lati-

338 2378 564 2431 tudinem
588 2398 708 2432 vero
729 2383 878 2432 trium
904 2380 1190 2446 digitorum.
1278 2383 1391 2446 Ejus
1421 2394 1638 2433 extrema
1668 2400 1775 2452 pars
1799 2380 1936 2435 latior
1959 2399 2086 2444 erat,
2125 2399 2277 2454 quam

339 2454 561 2515 crassior,
595 2453 782 2522 aliquot
802 2453 911 2524 pilis
934 2453 1128 2506 hirsuta..
1205 2452 1337 2507 Illius
1369 2473 1454 2524 pes
1490 2470 1703 2526 quatuor
1735 2456 1918 2524 digitos
1950 2455 2162 2509 habebat
2186 2475 2277 2508 un-

338 2524 516 2593 guibus
536 2529 807 2596 praeditOS,
852 2528 1158 2595 longitudine
1183 2531 1333 2580 trium
1359 2529 1657 2596 digitorum,
1687 2535 1773 2601 qui
1800 2529 2166 2584 similitudinem
2190 2548 2277 2597 ge-

337 2600 510 2653 rebant
530 2602 793 2656 testudinis.
843 2602 990 2655 Tibia
1011 2606 1223 2656 anterior
1243 2606 1291 2654 in
1315 2607 1413 2656 ima
1434 2617 1570 2672 parte
1592 2604 1739 2673 paulo
1765 2605 1902 2675 supra
1923 2605 2104 2675 pedem
2128 2604 2277 2657 habe-

339 2673 419 2728 bat
438 2680 758 2746 perimetrum
778 2677 1028 2746 pedalem:
1060 2677 1369 2729 tantumdem
1386 2676 1532 2744 longa
1554 2691 1667 2730 erat.
1718 2683 2069 2732 Verumtamen
2094 2682 2273 2732 ventris

337 2752 433 2801 ima
456 2768 481 2801 a
504 2765 625 2803 terra
653 2750 793 2804 altior
822 2771 923 2805 non
955 2765 1054 2804 erat
1079 2750 1339 2822 semipede.
1416 2753 1531 2805 Oris
1555 2751 1704 2806 ridius
1727 2752 1984 2824 hiatusque
2007 2751 2205 2822 patebat
2225 2756 2281 2805 in·

337 2823 711 2894 amplitudinem
736 2825 950 2878 duorum
972 2826 1171 2895 pedum.
1245 2826 1462 2878 Dorsum
1492 2829 1687 2894 nigrum
1707 2841 1834 2886 erat3
1867 2841 1913 2878 at
1932 2840 2101 2879 venter
2123 2826 2276 2879 subal-

337 2896 479 2951 bidus
501 2898 704 2952 maculis
726 2900 1120 2968 distinguebatur.
1214 2902 1372 2953 Corio
1403 2899 1655 2967 tegebatur
1684 2899 1938 2954 duriffimo
1969 2903 2279 2971 exasperato«

335 2989 432 3041 que
455 2973 515 3024 ad
537 2973 748 3026 modum
774 2973 1049 3044 elephanti,
1084 2974 1233 3046 idque
1264 2992 1380 3025 cum
1411 2976 1478 3026 est
1508 2973 1716 3034 ficcum3
1751 2993 1866 3026 nam
1885 2993 2006 3048 aqua
2028 2973 2275 3045 perfusum

334 3045 542 3098 efficitur
575 3047 726 3100 molle
765 3063 813 3100 et
854 3047 1115 3101 lubricum.
1192 3052 1351 3117 Prope
1391 3065 1529 3100 aures
1564 3062 1614 3100 et
1661 3051 1710 3100 in
1750 3064 1920 3102 ventre
1946 3050 2086 3120 pellis
2126 3049 2274 3117 longe

331 3118 545 3174 mollior.
620 3122 964 3175 Animadverti
989 3140 1051 3175 ex
1074 3125 1179 3175 eius
1202 3125 1343 3176 corio
1365 3120 1591 3176 humoris
1611 3136 1771 3191 guttas
1797 3127 1948 3188 exire,
1982 3123 2116 3177 velut
2138 3124 2278 3176 vide-

2162 3216 2274 3251 mus
