2571 3775
483 347 587 403 192
1271 339 1568 370 “···“-·“-’·

469 488 530 523 ro
560 462 717 523 multo
746 462 940 517 minora
967 463 1161 534 pariunt
1189 477 1339 535 quam
1366 463 1521 532 pisces
1552 464 1766 535 ovipari‚
1810 464 1896 536 qui
1925 465 2372 523 immensamovo.

471 563 585 597 rum
615 543 813 611 copiam
839 537 1161 609 profundunt.
1237 542 1425 591 Verum
1456 557 1566 614 non⁴
1588 540 1982 613 animadvertunt
2011 540 2251 599 diversam
2279 542 2376 597 effe
2400 572 2410 589 .›

470 618 679 690 piscium
712 629 761 667 et
789 618 954 667 avium
984 632 1204 667 ovorum
1241 615 1499 666 rationem.
1579 615 1729 668 Aves
1763 619 1924 678 enim,
1953 616 2296 688 quadrupedes
2316 626 2375 670 *et

474 690 774 759 cartilaginei
804 689 956 758 pisces
985 691 1073 758 qui
1106 705 1200 739 ova
1231 690 1423 755 pariunt
1434 686 1767 758 „perfedlum
1796 690 1975 753 edunt,
2018 710 2111 743 nec
2137 690 2258 743 illud
2288 709 2376 744 ex-

471 766 662 820 clusum
686 762 816 816 foras
845 761 1000 815 ullum
1029 764 1155 830 capit
1179 762 1576 824 incrementum3
1611 763 1752 836 quod
1773 760 1943 818 contra
1966 768 2015 818 in
2037 767 2242 835 piscium
2265 769 2373 820 ovis

473 843 542 895 est
553 877 567 902 ‚
609 855 735 911 quae
762 834 954 890 exclusa
987 836 1311 906 perficiuntur
1340 847 1389 887 et
1420 852 1661 904 augentur
1688 836 1839 891 mole.
1870 844 1872 846 ’
1914 838 2204 893 Absurdum
2235 858 2375 912 prae-

471 930 606 968 terea
637 916 732 975 est,
784 915 871 983 qui
901 912 1130 979 viviparis
1158 906 1654 981 piscibuslconceffus,
1687 913 1781 974 est,
1829 920 1932 965 'non
1958 914 2120 967 adeffe
2146 915 2375 969 universo

472 991 645 1059 generi
683 988 856 1041 sexum
901 994 1183 1060 utrumque.
1287 984 1443 1039 Cauia
1474 999 1643 1040 autem
1684 990 1866 1042 erroris
1896 1001 2041 1059 atque
2071 992 2374 1056 ignorantiae
2407 1023 2416 1028 κ

468 1066 679 1118 istorum
715 1059 1131 1132 philosophorum
1158 1056 1237 1112 fita
1269 1062 1337 1112 est
1368 1063 1419 1112 in
1449 1059 1727 1116 discrimine
1744 1066 1885 1115 vario
1905 1075 1957 1115 et
1988 1063 2126 1132 saepe
2157 1062 2372 1117 obscuro

470 1142 634 1195 coitus
664 1151 713 1190 et
736 1138 1066 1205 generationis
1093 1131 1395 1186 animalium.
1477 1134 1546 1188 Illi
1581 1139 1717 1190 enim
1753 1155 1815 1189 ex
1844 1139 2011 1207 paucis
2040 1136 2280 1211 exemplis
2311 1138 2375 1191 de

472 1213 697 1267 universo
727 1208 1015 1263 animalium
1044 1225 1227 1277 genere
1248 1207 1544 1274 judicabant.
1620 1209 1851 1264 Similiter
1874 1213 1960 1284 qui
1979 1230 2042 1264 ex
2065 1212 2248 1265 semine
2270 1231 2376 1265 ma-

470 1292 608 1342 rium
632 1285 871 1354 deglutito
897 1281 1103 1337 feminas
1123 1286 1391 1353 concipere
1411 1286 1573 1350 ajunt,
1609 1302 1717 1337 rem
1748 1286 1901 1354 ipsam
1918 1300 2144 1339 accurate
2176 1304 2280 1340 non
2301 1291 2374 1340 in-

470 1363 746 1432 spexerunt.
853 1362 1116 1430 Tempore
1147 1361 1282 1409 enim
1313 1357 1495 1411 eodem
1527 1375 1687 1412 mares
1715 1359 1885 1413 semen
1921 1374 1973 1413 et
1997 1358 2246 1415 foeminae
2277 1379 2375 1416 ova

469 1449 677 1505 gerunt3
734 1447 783 1488 et
815 1452 916 1506 quo
960 1447 1126 1502 partus
1159 1428 1409 1506 foeminae
1448 1436 1604 1500 magis
1638 1437 1999 1507 appropinquat
2030 1449 2256 1506 tempus,
2307 1453 2373 1489 eo

471 1514 663 1574 majore
693 1523 742 1564 et
771 1507 1031 1579 liquidiore
1063 1507 1257 1559 seminis
1284 1509 1433 1575 copia
1461 1525 1568 1560 mas
1599 1506 1827 1561 abundat.
1923 1509 2373 1579 Qemadmodum

469 1589 618 1654 igitur
648 1602 868 1637 ovorum
904 1586 956 1634 in
989 1579 1219 1635 foeminis
1261 1593 1308 1633 et
1332 1581 1528 1634 seminis
1560 1585 1611 1634 in
1643 1580 1859 1635 maribus
1890 1586 2273 1647 incrementum,
2308 1587 2371 1636 ita

468 1663 622 1723 etiam
648 1658 839 1711 emiffio
871 1656 966 1727 ipsa
999 1671 1230 1725 tempore
1266 1659 1510 1723 congruit.
1623 1659 1804 1728 Neque
1832 1661 1968 1710 enim
1997 1655 2248 1712 foeminae
2279 1675 2371 1712 ova

468 1732 722 1793 conferta,
761 1731 841 1785 sed
863 1729 1094 1801 paulatim
1118 1732 1341 1799 pariunt3
1371 1732 1493 1782 item'
1521 1746 1682 1783 mares
1715 1732 1883 1783 semen
1904 1732 2165 1786 intervalliS
2185 1732 2373 1803 dispen-

469 1809 572 1862 sant
600 1806 945 1861 emittendum.
1050 1808 1196 1874 Quae
1230 1802 1637 1875 quideinomnia
1665 1823 1771 1858 non
1798 1804 1897 1860 fine
1925 1810 2116 1860 ratione
2143 1808 2251 1860 fieri
2276 1805 2371 1860 cla-

470 1902 583 1937 rum
615 1883 694 1939 est.
1296 1930 1301 1931 ff
2281 1948 2283 1950 η

618 1959 692 2009 Ut
717 1958 852 2009 enim
880 1957 932 2006 in
964 1954 1130 2005 avium
1160 1968 1343 2019 genere
1371 1949 1479 2004 sunt
1507 1968 1635 2024 quae
1659 1950 1760 2006 fine
1791 1955 1928 2006 coitu
1954 1970 2048 2007 ova
2074 1957 2374 2026 concipiant,

466 2047 756 2104 quanquam
783 2046 936 2100 pauca
965 2041 1016 2079 et
1035 2042 1178 2087 raro3
1209 2043 1295 2095 per
1320 2028 1511 2079 coitum
1539 2030 1679 2080 enim
1700 2045 1879 2096 magna
1914 2047 1977 2082 ex
2005 2043 2139 2099 parte
2160 2028 2372 2101 implen-

466 2121 572 2167 tur3
613 2110 674 2159 ita
695 2108 746 2157 in
774 2101 985 2174 piscibus
1012 2104 1160 2153 etiam
1187 2099 1269 2153 sed
1302 2104 1454 2154 rarius
1483 2101 1675 2153 accidit.
1750 2103 1933 2175 Aeque
1962 2117 2127 2157 tamen
2158 2106 2211 2157 in
2235 2118 2371 2158 utro-

469 2198 572 2252 que
591 2197 771 2248 genere
793 2175 1091 2231 infoecunda
1112 2174 1246 2236 sunt,
1294 2192 1388 2228 ova
1418 2193 1543 2248 quae
1563 2176 1735 2246 sponte
1760 2179 2108 2241 constiterunt,
2151 2177 2237 2231 nifi
2263 2196 2371 2231 mas

467 2257 612 2308 suum
634 2253 910 2325 adsperserit
930 2252 1127 2311 semen,
1169 2247 1402 2302 videlicet
1422 2254 1472 2302 in
1494 2250 1673 2320 quibus
1703 2250 1967 2317 generibus
1988 2253 2127 2304 sexus
2163 2270 2370 2324 quoque

468 2327 711 2383 masculus
734 2327 879 2380 adest.
954 2324 1008 2376 Id
1026 2323 1230 2393 quidem
1254 2326 1364 2375 ovis
1387 2327 1579 2386 avium,
1615 2342 1741 2395 quae
1763 2321 1974 2394 perfecf'ta
1997 2341 2204 2389 exeunt,
2238 2330 2384 2381 intus

468 2403 664 2455 accidat
691 2406 740 2454 in
762 2415 905 2453 utero
931 2397 1119 2451 necesse
1142 2398 1235 2457 esi3
1273 2410 1319 2449 at
1351 2397 1588 2466 piscibus,
1622 2403 1861 2470 quoniam
1885 2398 2170 2470 imperfec‘ia
2200 2405 2370 2454 omnia

467 2494 567 2532 ova
598 2477 776 2537 edunt,
823 2489 1107 2545 quanquam
1138 2474 1266 2524 int-us
1300 2489 1389 2540 per
1418 2476 1608 2525 coitum
1642 2492 1746 2526 non
1774 2475 2098 2538 constiterint,
2148 2489 2313 2528 tamen
2337 2474 2372 2529 fi

387 2551 393 2553 ’
471 2564 606 2604 extra
630 2550 1004 2621 adsperguntur,
1045 2547 1219 2598 servari
1241 2545 1461 2616 possunt,
1499 2562 1645 2619 atque
1673 2551 1722 2600 in
1744 2546 1879 2601 hunc
1896 2549 2038 2602 usum
2060 2550 2369 2604 consumitur

469 2623 649 2680 semen'
669 2628 894 2677 marium.
968 2624 1289 2691 'Quapropter
1318 2639 1415 2673 una
1448 2640 1563 2674 cum
1593 2626 1701 2675 ovis
1725 2619 2059 2677 foeminarum
2086 2622 2294 2676 subsidet
2318 2637 2369 2677 et

471 2702 726 2752 minuitur.
801 2698 1117 2767 Adspergunt
1142 2699 1276 2749 enim
1299 2712 1458 2748 mares
1481 2697 1749 2750 novi-ffimis
1783 2715 1907 2767 quae
1926 2696 2131 2750 subinde
2155 2697 2369 2750 eduntur

473 2777 579 2826 ovis
607 2770 891 2825 insePtantes
910 2772 1093 2825 ie111e11.
1169 2774 1302 2837 Ergo
1331 2772 1383 2820 in
1402 2769 1614 2839 piscibus
1639 2789 1841 2842 quoque
1867 2771 2007 2824 sexus
2031 2771 2266 2825 discretus
2299 2773 2368 2826 est

471 2864 751 2918 omnesque
779 2860 980 2907 coeunt,
1011 2843 1095 2897 nifi
1115 2847 1257 2915 pauci
1274 2843 1482 2917 >quidam
1502 2845 1619 2897 sexu
1641 2856 1807 2916 carent
1825 2844 2059 2900 masculo.
2120 2849 2224 2914 Qi
2244 2865 2367 2905 con-

471 2936 543 2974 tra
566 2924 749 2992 opinati
770 2921 908 2983 sunt,
949 2937 1040 2973 eos
1075 2917 1296 2972 celeritas
1329 2935 1422 2988 qua
1446 2922 1598 2988 pisces
1620 2922 1818 2972 coitum
1851 2935 2118 2989 peragunt,
2156 2921 2369 2990 decepe-

473 3010 557 3047 rat.
631 3000 798 3065 Itaque
818 2996 1078 3066 piscatores
1101 2996 1249 3046 etiam
1269 2990 1465 3062 plurimi
1487 3012 1606 3046 eum
1626 2996 1878 3060 ignorant3
1910 3013 2003 3047 nec
2024 2999 2157 3047 enim
2178 3013 2368 3061 cogno-

474 3069 638 3120 scendi
666 3069 825 3122 studio
856 3069 965 3122 talia
993 3072 1268 3139 exquirunt.
1383 3067 1552 3122 Nihilo
1580 3081 1745 3120 tamen
1777 3071 1942 3122 minus
1975 3073 2134 3123 coitus
2165 3069 2369 3138 piscium

478 3140 758 3197 observatus
798 3143 916 3207 fuit3
972 3142 1155 3211 codem
1189 3144 1326 3200 enim
1352 3142 1511 3202 modo
1522 3180 1544 3209 2
1593 3159 1698 3216 quo
1732 3140 1976 3213 delphini,
2037 3143 2187 3214 pisces
2224 3145 2370 3194 etiam

2184 3229 2370 3272 coeunt
