2571 3775
443 343 477 389 27>
483 326 556 392 2¹4
743 371 747 378 1
1226 337 1518 361 *mn-na·-

452 457 504 507 in
535 452 978 526 reliquis‘piscibus
1002 453 1140 526 politi
1169 453 1355 530 nullam
1381 452 1497 512 facit
1524 456 1860 520 mentionem,
1896 458 1966 512 uti
1994 457 2174 514 conti-a
2191 461 2242 515 in
2271 467 2343 534 pi.

449 528 604 581 scium
628 531 932 599 spinosorum
960 549 1140 600 genere
1162 529 1325 585 nullos
1356 548 1500 585 cavae
1530 529 1656 587 finus
1675 547 1862 604 praeter
1882 535 2119 589 venosum
2139 552 2342 591 annotaz

451 611 530 657 tos
556 608 730 675 reperi.
2330 636 2333 638 ·

602 722 768 790 Quid?
805 723 942 795 quod
962 727 1012 776 in
1041 722 1248 790 gallinae
1269 721 1531 778 Africanae
1559 741 1712 777 venae
1736 743 1882 779 cavae
1906 725 2242 783 adscendentis
2269 746 2343 782 ra-

452 798 548 848 mis
581 797 929 864 appendiculas
960 796 1209 850 tuber-osas
1246 812 1295 850 et
1322 798 1627 851 cisternulam
1655 799 1902 870 quandam
1930 802 2242 871 sanguineam
2266 822 2342 857 re-

452 868 621 939 periffe
650 870 697 921 se
721 873 915 924 testatur
938 867 1213 925 Severiims
1239 874 1289 924 in
1310 872 1581 926 Anatomia
1602 866 1796 926 phocae
1826 891 1875 942 p.
1893 893 1914 936 3
1929 892 1970 936 3.

601 991 834 1062 Denique
861 992 913 1042 in
934 988 1102 1045 avibus
1128 994 1362 1063 aquaticis
1395 991 1528 1044 idem
1550 987 1826 1044 Sererimis
1844 989 1976 1043 aliud
2008 1006 2205 1047 naturae
2228 998 2343 1047 arti-

451 1065 623 1117 ficium
645 1068 921 1127 annotavit,
959 1083 1061 1136 quo
1092 1069 1305 1135 aptiores
1335 1065 1394 1117 ad
1425 1066 1645 1136 spiritum
1676 1063 1760 1116 sub
1791 1069 1926 1137 aquis
1953 1069 2198 1120 urinantes
2229 1073 2341 1121 reti-

451 1139 675 1193 nendum
698 1140 884 1191 fierent.
960 1141 1110 1193 Anati
1134 1143 1269 1192 enim
1290 1139 1544 1207 buccagini
1565 1152 1710 1208 atque
1728 1139 1879 1192 anseri
1910 1158 2087 1192 venam
2110 1143 2343 1210 magnam

451 1216 586 1269 coire
618 1231 733 1265 cum
766 1216 935 1265 arteria
964 1213 1143 1267 venosa
1184 1227 1233 1266 et
1261 1213 1475 1266 auricula
1509 1212 1686 1267 sinistra
1717 1210 1948 1266 oviformi
1981 1214 2193 1285 quadam
2230 1234 2343 1268 ana-

451 1286 675 1347 stomofi3
715 1300 762 1339 et
792 1305 878 1357 per
900 1287 1025 1339 hanc
1051 1286 1340 1343 firuc‘iuram
1371 1305 1484 1340 aves
1512 1288 1618 1339 istas
1648 1291 1720 1339 uti
1744 1305 1946 1355 mergos
1971 1291 2218 1342 urinantes
2249 1291 2342 1360 spi-

451 1364 606 1413 ritum
627 1359 711 1419 sub
731 1366 866 1433 aquis
881 1379 1170 1431 prorogare.
1237 1366 1378 1414 Hanc
1400 1362 1614 1432 denique
1637 1359 1730 1413 effe
1752 1362 1942 1414 caulam
1954 1396 1988 1425 ,ν
2011 1381 2098 1415 cur
2119 1367 2201 1434 qui
2224 1381 2340 1417 aves

452 1435 539 1490 has
563 1435 780 1488 vendunt
811 1450 858 1488 ct
879 1435 1012 1490 collo
1035 1450 1177 1490 tenus
1208 1436 1528 1545 &prehensas
1552 1432 1927 1499 circumferunt,
1968 1455 2072 1491 non
2100 1437 2341 1492 suffocant

451 1510 616 1564 tamen
649 1510 779 1582 (pag.
807 1511 913 1576 39),

595 1635 793 1684 Locum
827 1629 888 1681 de
921 1627 1236 1699 respiratione
1261 1627 1500 1699 piscium,
1551 1625 1663 1689 situ,
1719 1625 1880 1682 forma
1915 1641 1964 1681 et
1995 1623 2340 1697 magnitudine

447 1704 640 1769 cordis,
674 1705 736 1757 de
759 1722 995 1766 numero,
1035 1701 1219 1766 forma,
1249 1703 1425 1756 ordine
1454 1715 1502 1754 et
1532 1702 1672 1755 cursu
1702 1703 1928 1756 vasorum
1957 1703 2340 1772 languineorum

442 1777 911 1851 (quemadmodum
939 1781 1085 1848 etiam
1111 1778 1173 1829 de
1206 1776 1321 1830 vafis
1352 1773 1634 1843 sangui‘feris
1668 1774 1905 1842 lad‘tium)
1936 1776 1997 1828 dc
2016 1775 2175 1830 forma
2209 1781 2339 1830 varia

450 1853 795 1907 branchiarum
821 1869 1091 1924 earumque
1124 1864 1342 1920 apertura
1372 1852 1426 1901 in
1440 1852 1578 1901 vario
1603 1849 1804 1918 piscium
1834 1853 2168 1914 marinorum,
2207 1849 2340 1903 lacu-

452 1931 620 1984 strium
652 1940 700 1978 et
732 1930 979 1996 rapacium
1009 1942 1214 1992 genere,
1246 1923 1484 1993 denique
1526 1922 1588 1973 de
1633 1922 1796 1975 calore
1834 1923 2076 1989 sanguinis
2107 1937 2155 1976 et
2186 1941 2340 1994 aquae

452 2004 593 2055 variis
614 1999 887 2072 liquoribus
916 2003 1213 2070 permixtae,
1262 2014 1412 2066 quam
1440 1994 1591 2065 pisces
1619 1997 1846 2065 respirare
1874 1995 1972 2049 fine
2003 1997 2188 2050 damno
2210 2001 2338 2050 vitae

446 2074 669 2146 possunt,
702 2077 981 2143 nuperrime
1014 2074 1222 2140 egregiis
1263 2072 1615 2142 experimentis
1650 2068 1898 2122 illustravit
1930 2073 2004 2123 vir
2043 2069 2338 2141 praeclaru5‚

450 2145 755 2222 Bronſjbnet
785 2152 834 2201 in
853 2145 993 2200 Auis
1015 2145 1254 2200 Academ.
1274 2147 1457 2213 Regiae
1478 2146 1654 2198 Scient.
1686 2143 1873 2198 Parifin.
1914 2148 2026 2198 anni
2058 2158 2212 2209 1785.

595 2273 710 2321 Huc
731 2270 878 2320 etiarn
902 2269 1145 2336 pertinent
1175 2266 1511 2333 experimenta
1532 2264 1741 2314 instituta
1773 2281 1798 2315 a
1819 2258 1929 2334 3³0.
1951 2259 2336 2330 PetroFalkt'Q

450 2359 506 2398 ut
523 2357 755 2416 quantam
776 2340 944 2392 {alium
962 2343 1244 2408 portionem
1265 2339 1401 2406 aquis
1424 2337 1702 2405 permistam
1724 2337 1926 2405 piscium
1951 2336 2228 2390 lacustrium
2251 2355 2335 2406 ge-

450 2438 542 2472 nus
580 2415 816 2488 quodque
843 2410 1055 2482 perferre
1085 2411 1257 2479 poffit,
1305 2412 1610 2480 exquireret,
1650 2423 1702 2461 et
1730 2408 1877 2479 pofita
1904 2413 1954 2462 in
1987 2409 2114 2465 libro
2145 2429 2336 2480 germa-

453 2497 586 2547 nico:
653 2486 947 2559 Beytmege
992 2501 1099 2538 zur
1137 2477 1603 2554 topographischen
1639 2480 1919 2554 Isemtmiss
1957 2482 2040 2537 des
2077 2481 2354 2556 ruffisclten

450 2561 653 2622 Reiclzs.
756 2564 852 2612 Hic
875 2563 1019 2626 igitur
1039 2556 1377 2609 animadvertit
1406 2554 1538 2609 lacus
1569 2559 1715 2608 nimis
1744 2555 1884 2610 fitlsos
1911 2558 2115 2627 piscium
2143 2557 2335 2612 foetura

446 2638 641 2717 prorsus
665 2652 854 2694 carere3
889 2649 1043 2703 aquae
1063 2634 1229 2685 uncias
1255 2628 1524 2682 duodecim
1544 2628 1731 2683 duabus
1751 2629 1854 2684 talis
1876 2631 2121 2684 drachmis
2145 2647 2334 2701 tempe-

449 2727 574 2767 ratas
604 2710 755 2781 pisces
785 2705 944 2759 nullos
973 2702 1209 2775 perferre,
1251 2702 1335 2755 sed
1362 2701 1571 2755 eandem
1602 2708 1885 2772 portionem
1915 2723 2009 2756 una
2039 2719 2086 2757 et
2118 2705 2332 2757 demidia

454 2785 686 2844 drachma
713 2793 1031 2850 temperatam
1062 2781 1318 2847 cyprinum
1347 2777 1601 2829 caraffium
1627 2791 1675 2830 et
1700 2777 1994 2838 leuciscum3
2020 2795 2136 2830 *una
2160 2778 2332 2832 drach-

447 2879 554 2923 ma,
587 2855 792 2913 eosdem
811 2872 927 2906 cum
949 2855 1110 2922 percis
1144 2865 1192 2904 et
1220 2848 1360 2902 luciis
1392 2848 1615 2902 tolerare.

594 2978 782 3033 Contra
806 2989 929 3043 quae
950 2973 1257 3024 marinorum
1275 2967 1481 3037 piscium
1501 2983 1679 3040 genera
1706 2967 1995 3036 piscinarum
2026 2987 2204 3042 aquam
2224 2969 2332 3023 dul-

449 3070 560 3104 cem
579 3048 783 3103 tolerare
803 3047 1001 3115 poffint,
1040 3056 1236 3112 experta
1258 3043 1325 3095 est
1346 3059 1670 3093 romanorum
1690 3044 1939 3109 ingeniosa
1957 3042 2144 3096 luxuria
2157 3081 2171 3106 ,
2206 3062 2332 3115 quae

447 3128 622 3193 stagnis
656 3125 802 3175 etiam
830 3121 1030 3175 marinis
1058 3114 1252 3174 ,inclusit
1281 3132 1460 3171 eorum
1494 3114 1706 3185 piscium
1733 3129 1981 3180 naturam,
2024 3135 2150 3191 quae
2178 3116 2333 3242 dullfi-

2275 3208 2331 3243 us
