2571 3775
171 415 252 461 No.
274 426 345 459 200

400 300 467 340 12

543 405 729 466 Gobio‘.
764 402 1029 479 Aufhm’us
1052 403 1191 459 versu
1224 421 1344 466 131.
1403 407 1492 456 Tu
1513 422 1720 478 quoque
1741 407 2000 462 flumineas
2021 411 2155 462 inter·
2173 427 2289 465 me-

393 486 636 545 morande
663 482 906 537 cohortes
931 479 1114 550 gobio,
1172 498 1275 533 non
1311 481 1471 547 major
1504 482 1716 549 geminis
1742 481 1848 550 fine·
1871 482 2050 554 pollice
2084 484 2283 555 palmis5

392 566 451 632 (i.
475 580 516 614 e.
536 558 658 615 0610-
679 558 868 625 digitis)
897 558 1232 629 praepinguiS‚
1274 566 1431 617 teres,
1469 559 1670 625 ovipara
1694 559 1973 624 congestior
1994 557 2123 620 alv0‚
2155 563 2210 625 (i.
2234 577 2282 612 e.

395 649 566 690 ventre
587 632 835 698 tumente)
871 632 1177 700 propexique
1196 626 1339 695 jubas
1361 631 1575 683 imitatus
1596 628 1926 697 gobiobarbi..
1969 630 2276 686 Vincentius

397 706 544 766 XVII.
567 726 667 779 cap.
698 727 716 762 ς
731 713 782 759 6..
812 703 968 773 gobio
983 705 1050 757 est
1070 701 1324 774 pisciculus
1344 702 1550 757 fluvialis
1579 702 1743 767 albus,
1784 706 1867 758 sed
1885 709 2034 775 nigris
2067 706 2281 760 maculis

396 783 660 854 respersus;
697 798 857 852 quem,
871 778 1072 850 quidam
1095 778 1323 830 dixerunt
1339 777 1466 831 vesci
1486 777 1827 842 cadaveribus3
1871 781 1953 834 sed
1982 799 2007 834 a
2030 782 2278 851 piscatori-

399 858 498 912 bus
526 853 905 926 deprehenditur
925 852 1025 906 hoc
1044 851 1137 904 esse
1161 850 1461 913 fabulosum3
1503 855 1805 924 quin'potius
1826 853 2063 907 dicuntur·
2077 860 2127 908 111
2149 872 2279 928 aqua

398 931 711 1002 liquidissima
731 927 1004 981 conversari
1020 940 1069 979 et
1092 924 1272 995 pabulo
1295 929 1492 986 nutriri3
1527 929 1579 978 in
1609 925 1723 980 cibo
1755 943 1920 981 tamen
1950 928 2070 982 viles
2099 948 2155 981 ac
2189 930 2278 982 de-

397 1003 657 1076 spicabiles
680 1014 991 1072 reputantur,
1022 1004 1139 1072 quia
1156 997 1326 1071 aquofi
1344 1014 1397 1053 et
1411 1003 1617 1053 minime
1636 999 1790 1054 solidi.
1876 1002 2073 1056 Austor
2098 1003 2161 1055 de
2192 1020 2282 1056 na-

397 1094 504 1133 tura
517 1096 681 1131 rerum
701 1075 911 1129 ibidem:
959 1073 1134 1128 Gobio
1153 1073 1414 1143 pisciculus:
1428 1075 1496 1127 est
1513 1072 1672 1129 forma
1703 1077 1915 1129 rotunda
1932 1078 2142 1147 squamis
2166 1095 2277 1146 par-

403 1157 473 1207 vis
494 1166 698 1220 argento
729 1147 986 1211 similibus,
1014 1147 1098 1218 hic·
1121 1147 1205 1200 ubi
1227 1157 1393 1219 ‘aquas
1412 1149 1636 1202 arenosas
1667 1147 1891 1218 lapillulis
1920 1157 1970 1203 in
2002 1156 2276 1204 nutrimen-

400 1242 509 1281 tum
546 1225 718 1287 habet,
772 1222 1283 1276 accommodatiorem
1322 1226 1494 1294 utique
1532 1221 1700 1275 cibum
1736 1223 1949 1292 praebet.
2025 1220 2281 1279 At'bertus·

401 1305 575 1355 XXIV.
598 1318 644 1369 p.
662 1316 728 1365 24
740 1317 779 1360 3.
801 1315 841 1349 a.
873 1296 1050 1350 Gobio
1060 1314 1239 1365 parvus
1255 1297 1321 1350 est
1335 1295 1593 1365 pisciculus
1609 1294 1768 1350 forma
1786 1295 1886 1351 fere
1907 1299 2117 1352 rotunda
2135 1300 2279 1370 squa-

403 1379 495 1429 mis
516 1374 633 1427 albis
653 1370 946 1440 interpositis
974 1369 1619 1439 maculisnigrisdepidiuffi
1673 1371 1753 1423 hic
1783 1372 2010 1425 ianusest
2042 1378 2090 1425 in
2121 1372 2281 1426 fundo

402 1449 623 1503 arenoso.
697 1451 749 1499 111
779 1448 952 1498 aesta-te
972 1445 1175 1515 quidam
1194 1444 1361 1496 dicunt
1383 1445 1523 1515 quod
1544 1445 1849 1508 vermiculis,
1887 1443 2086 1519 quosin
2107 1462 2284 1500 ventre

340 1530 342 1533 ’
404 1526 581 1593 gestat,
616 1525 825 1574 vitiatur.
899 1518 1156 1572 Dubitatio-
1186 1517 1266 1570 hic
1297 1517 1425 1570 nulla
1448 1517 1617 1571 locum
1640 1518 1812 1572 habet!

188 1601 273 1649 No.
293 1615 361 1658 23.

190 2184 272 2227 No.
295 2196 363 2239 24.

192 2263 270 2304 No.
291 2273 356 2318 25.

554 1590 798 1663 Φοὲψός,
827 1593 1092 1647 Phoxinus.
1144 1588 1441 1662 Aristoteles
1463 1597 1525 1644 H.
1555 1594 1619 1645 A.
1648 1598 1724 1645 VI.
1760 1613 1832 1651 12.
1880 1594 2092 1663 phoxi'ni
2120 1597 2281 1649 statim.

404 1673 671 1743 postquam
691 1672 788 1720 nati
806 1669 912 1720 sunt
931 1667 1305 1736 admodumque
1320 1669 1458 1735 parvi
1473 1671 1577 1720 ovis
1592 1666 1723 1736 pleni
1734 1672 2059 1737 reperiuntur.
2096 1675 2277 1723 Mouet

404 1765 529 1799 vero
546 1745 716 1797 diserte
736 1741 1019 1795 fluviatilem
1037 1741 1135 1794 effe·
1153 1741 1345 1808 piscem.
1421 1740 1591 1795 Verfio·
1612 1737 1817 1795 Albertz'
1834 1742 1981 1795 habet
2004 1740 2274 1798 chocciwos.

402 1822 480 1873 VI.
512 1838 588 1886 14.
625 1820 905 1871 nominatur
925 1820 1047 1868 inter
1072 1815 1222 1884 pisces
1243 1813 1514 1877 fluviatiles,
1536 1818 1621 1886 q-ui
1641 1815 1786 1869 semel
1810 1820 1857 1868 itn
1877 1835 2008 1870 anno
2029 1821 2078 1871 in
2099 1819 2281 1884 stagnis,

400 1895 678 1948 fluviorum?
706 1904 754 1943 et
780 1890 1076 1943 arundinetis
1107 1892 1330 1958 pariunt,
1386 1907 1505 1940 cum
1545 1907 1710 1958 perca:
1769 1889 1852 1942 ubi
1883 1890 2036 1945 verfio
2069 1887 2279 1944 Alherti

402 1967 552 2021 habet
584 1961 798 2020 clzoclica
820 1979 868 2017 et
888 1959 1069 2016 berica.
1156 1962 1304 2016 Vides
1345 1961 1464 2015 hinc
1492 1963 1610 2016 nihil
1649 1963 1785 2033 poffe
1814 1964 1993 2033 colligi.
2068 1969 2274 2018 Nomen

405 2038 677 2094 dedu6lum
709 2037 855 2091 habet
887 2054 914 2089 a
945 2030 1143 2111 φσὲὃς,
1186 2054 1281 2107 qua
1309 2054 1436 2089 voce
1465 2036 1648 2099 homo,
1701 2038 1851 2091 veluti
1883 2037 2137 2094 Therfites
2166 2044 2283 2093 Ho-

398 2119 645 2176 mericus,
685 2127 835 2165 acuto
853 2124 901 2163 et
923 2109 1072 2163 veluti
1104 2108 1346 2163 turbinato
1375 2114 1559 2178 capite,
1597 2111 1900 2178 significatur.

552 2181 842 2261 Βάλλερος.
883 2183 1078 2236 Baletus
1137 2189 1214 2235 De
1235 2184 1334 2236 hoc
1362 2184 1501 2252 supra
1522 2189 1572 2236 in
1597 2188 1830 2253 Cyprino.
1870 2190 1965 2239 No.
1996 2205 2037 2237 1.
2066 2186 2183 2239 dixi.

554 2258 712 2330 Pigq.
751 2256 956 2312 Plinius
977 2263 1056 2310 IX.
1088 2275 1192 2326 cap-f.
1219 2278 1237 2313 ,1
1256 2271 1299 2315 3.
1347 2262 1466 2310 Duo·
1483 2256 1614 2311 lacus
1644 2258 1802 2310 Itali-ae
1833 2263 1882 2311 in
1910 2259 2155 2314 radicibus
2181 2259 2280 2312 AI.

405 2338 550 2405 pium
586 2336 756 2386 Larius
793 2345 842 2384 et
871 2330 1124 2383 Verbanus
1146 2328 1488 2399 appellantur,
1539 2335 1589 2383 in
1632 2331 1812 2403 quibus
1847 2335 1997 2402 pisces
2040 2334 2277 2389 omnibus

407 2411 548 2462 annis·
577 2405 901 2473 Vergiliarum
942 2419 1055 2457 ortu
1093 2407 1328 2467 existunt,
1374 2406 1588 2473 squamis
1621 2408 1871 2476 conspicui
1907 2407 2087 2463 crebris
2126 2424 2273 2480 atque

406 2485 703 2551 praeacutis,
753 2478 1009 2532 clavorum.
1046 2476 1328 2545 caligarium
1362 2480 1550 2547 effigie:
1608 2498 1700 2533 1100
1729 2481 1937 2550 amplius
1965 2502 2114 2554 quam
2147 2488 2277 2536 circa

405 2574 525 2608 eum
543 2556 762 2608 mensem
779 2554 1007 2606 visuntur.
1091 2555 1199 2605 Hos
1235 2555 1420 2620 primus
1452 2550 1778 2608 Rowdeletius
1807 2561 2006 2623 agnovit
2021 2557 2277 2629 hodieque
2341 2600 2346 2603 ,

403 2626 548 2699 Pigo
581 2629 748 2681 audire
765 2630 1025 2680 annotavit.
1109 2625 1432 2688 Miraculum,
1481 2628 1618 2699 quod
1647 2630 1871 2698 reperi'ffe
1900 2629 1984 2683 fibi
2015 2633 2143 2685 visus
2173 2646 2276 2685 erat

402 2701 638 2769 Ρίὶηἱιις,
676 2700 912 2754 omuibus
936 2699 1039 2753 fere
1065 2704 1114 2753 in
1145 2704 1333 2768 cyprini
1361 2700 1615 2768 speciebus
1650 2717 1789 2756 certo
1806 2708 1918 2756 anni
1937 2719 2163 2775 tempore
2185 2725 2276 2760 oc-

404 2795 598 2830 currere
615 2775 801 2846 ubique
831 2773 965 2828 recs'te
981 2778 1226 2828 annotavit
1260 2772 1315 2827 L.
1346 2770 1438 2826 Th..
1460 2773 1674 2829 Gronov
1697 2777 1758 2828 ad
1796 2774 2019 2832 Plinium
2042 2799 2087 2848 p.
2111 2798 2196 2844 77.

550 2849 788 2918 Χαλκὶς,
820 2848 948 2917 ι’δος,
984 2866 1010 2902 3
1035 2848 1295 2918 splendore
1329 2852 1451 2901 aeris
1483 2855 1631 2918 cyprii
1661 2852 1743 2903 seu
1775 2860 1911 2920 cupri
1937 2852 2100 2909 didlus
2116 2857 2272 2924 piscis.

317 2925 328 2937 '
406 2927 512 2976 Nec
540 2923 759 2977 dubitare
788 2922 899 2975 licet
927 2922 1240 2983 Chalcidem,
1282 2940 1433 2992 quam
1452 2920 1660 2977 Plim'us
1679 2929 1876 2977 XXXII.
1898 2944 1999 2996 cap.
2032 2948 2050 2979 1
2076 2948 2112 2980 r.
2152 2949 2270 2981 cum

407 2997 506 3049 aliis
531 3002 726 3050 marinis
752 2995 956 3065 piscibus
991 3000 1239 3056 nominat,
1278 2996 1486 3049 eandem
1514 2997 1621 3050 esse.
1707 3003 1889 3058 Iterum
1911 3001 1989 3055 ille
2020 3003 2081 3056 de
2108 3021 2164 3055 03
2191 3007 2273 3055 IX.

406 3089 513 3142 cap.
530 3090 619 3137 47.
647 3069 730 3123 ubi
739 3069 1439 3140 pediculosbranchiisinnasci
1461 3072 1603 3127 tradit.
1617 3090 1680 3127 ex
1698 3059 1970 3144 Aristotele
1989 3081 2104 3130 VIII.
2126 3096 2165 3128 0.
2192 3096 2217 3126 2
2232 3093 2273 3138 5.

2136 3150 2276 3206 Idem
