2571 3775
318 378 422 428 300
1135 371 1425 395 --·-“-····

316 492 584 563 pervertit,
650 508 767 543 cum
817 488 987 543 habet:
1063 484 1108 542 le
1141 484 1285 559 fowd
1324 485 1390 559 est
1438 503 1506 542 un
1546 504 1604 542 os
1633 484 1694 544 de
1718 484 1770 543 la
1798 486 1945 546 mffme
1959 487 2140 562 forme
2170 503 2270 561 que

323 561 553 620 l'oreille.
2186 608 2190 611 .
2246 591 2271 601 2

434 644 492 691 In
527 637 654 709 talpa.
680 641 828 692 etiam
863 655 1042 690 nervos
1075 639 1270 706 opticos
1303 639 1506 690 rimatus
1533 635 1774 708 descripfit
1804 633 2101 709 Aristoteles
2119 638 2183 689 H.
2203 638 2269 690 A.

326 717 404 767 IV.
432 726 477 773 8.
507 712 615 776 ubi,
653 715 913 784 postquam
937 710 1142 765 oculum
1164 728 1336 762 verum
1366 711 1448 762 sed
1478 715 1730 765 minorem
1750 711 1877 782 pelle
1897 713 2106 785 pilisque
2127 711 2271 781 plane

331 788 560 841 abscondi
585 800 925 847 annotaverat,
956 789 1021 837 ita
1042 787 1224 854 pergit:
1263 785 1312 836 A
1337 783 1542 839 cerebro
1563 790 1721 849 enim,
1760 804 1854 857 qua
1872 803 2006 857 parte
2029 785 2275 840 medullae

334 865 687 922 committitur,
713 875 896 913 exeunt
914 859 1016 912 duo
1041 857 1230 911 canales
1257 858 1446 912 nervosi
1467 874 1516 912 et
1538 859 1705 922 forteS,
1738 874 1788 913 et
1805 863 1938 926 juxta
1961 862 2082 931 ipsas
2101 860 2277 914 oculo-

333 955 446 989 rum
470 934 606 988 sedes
629 937 925 987 transeuntes
959 937 1007 985 in
1034 933 1205 985 dentes
1236 932 1508 1002 superiores
1543 936 1756 988 exsertos
1792 934 2026 988 definunt.
2101 940 2154 987 In
2176 936 2276 988 hoc

337 1009 455 1063 loco
488 1006 644 1064 Gaza
674 1027 891 1080 eumque
930 1008 1121 1060 secutus
1157 1004 1343 1060 Cantus
1372 1009 1629 1077 pessimam
1655 1008 1923 1062 lec‘lionem
1956 1008 2208 1077 vulgarem
2243 1006 2276 1084 ᾗ

340 1078 595 1144 συνάπτει
625 1079 686 1143 τὸ
715 1087 892 1158 νεῦρον
924 1085 953 1133 i.
976 1100 1016 1134 e.
1037 1097 1141 1153 qua
1170 1098 1277 1133 cum
1307 1098 1461 1135 nervo
1486 1081 1828 1154 conjungitur
1847 1078 2104 1137 cerebrum
2129 1087 2280 1135 inter-

337 1162 512 1229 pretati
534 1160 652 1210 lunt.
730 1164 856 1210 Vera
879 1161 1011 1209 enim
1035 1158 1128 1217 est,
1175 1174 1324 1227 quam
1346 1158 1564 1210 Codices
1582 1159 1861 1220 Mediceu8‚
1893 1156 2136 1213 canisiani
2155 1171 2203 1209 et
2225 1160 2280 1208 B.

340 1233 564 1287 Rhenani
596 1229 891 1303 praeferunt:
939 1225 1188 1290 συνάπτει
1217 1233 1294 1308 τῷ
1322 1230 1504 1309 μυελῷ
1534 1235 1563 1282 i.
1600 1250 1642 1284 e.
1677 1235 1996 1300 'conjungitur
2024 1251 2139 1284 cum
2173 1249 2283 1283 me-

342 1306 488 1361 dulla.
524 1309 692 1378 Atque
715 1306 839 1358 hanc
861 1306 1088 1374 expresfit
1109 1309 1255 1356 etiam
1280 1319 1416 1358 vetus
1440 1304 1593 1358 verfio
1615 1305 2089 1372 an011yn133i8'cotus
2112 1320 2282 1358 autem

345 1401 463 1435 cum
487 1378 689 1434 Alherto
710 1382 834 1432 hanc
855 1382 1093 1432 orationis
1116 1379 1400 1448 particulam
1420 1378 1564 1449 plane
1586 1380 1759 1434 omisit.
1807 1386 1960 1435 Dere
1979 1382 2075 1451 ipsa
2098 1397 2287 1450 ponam

346 1475 479 1509 nunc
509 1455 679 1508 locum
708 1451 898 1508 Zi-amiz'
926 1457 976 1505 in
1012 1456 1299 1507 Comment.
1325 1457 1502 1507 Societ.
1533 1457 1790 1523 Goetting.
1811 1460 1877 1508 T.
1898 1461 1977 1509 IV.
2007 1474 2054 1525 p.
2089 1452 2287 1518 192.de

346 1528 498 1583 oculo
527 1528 709 1598 talpae:
767 1533 959 1582 Nervus
989 1531 1210 1598 opticuS‚
1268 1531 1456 1599 inquit,
1512 1528 1667 1599 talpae
1702 1529 1957 1598 longusvet
1992 1526 2289 1597 gracillimus

349 1603 486 1658 ortus
525 1607 783 1657 communi
827 1606 1018 1669 origine
1063 1621 1179 1654 cum
1220 1620 1374 1655 nervo
1415 1606 1640 1656 maximo
1675 1603 2022 1674 proboscidem
2049 1601 2289 1661 adeunte5

352 1681 520 1731 cranio
548 1676 759 1745 egressus
782 1676 936 1746 longo
958 1680 1128 1729 itinere
1157 1674 1388 1749 obliquus
1410 1678 1549 1746 super
1578 1678 1855 1731 musculum
1876 1676 2180 1749 proboscidis
2204 1693 2289 1729 ειη-ῖ-

353 1753 562 1807 trorsum
587 1766 632 1803 et
660 1750 862 1820 paulum
890 1752 1164 1804 extrorsum
1197 1748 1373 1812 fertur,
1433 1765 1483 1803 et
1504 1752 1643 1816 „oculi
1675 1757 1798 1821 parti
1829 1755 2085 1822 posteriori
2126 1749 2291 1820 sphae-

355 1831 499 1887 ricae,
521 1824 673 1877 multa
697 1843 840 1877 carne
863 1823 1125 1885 obdtidlae‚
1147 1828 1196 1875 in
1215 1829 1291 1875 axi
1312 1823 1413 1876 fere
1436 1829 1596 1893 optica
1615 1828 1851 1878 inseritur.
1884 1831 1957 1878 EX
1973 1844 2066 1897 qua
2090 1823 2295 1896 quidem

354 1900 714 1969 descriptione,
763 1917 912 1970 quam
942 1899 1038 1968 ipse
1058 1902 1204 1950 etiam
1237 1915 1404 1949 veram
1439 1912 1669 1967 expertus
1704 1901 1837 1962 firm,
1879 1902 2170 1960 conficitur,
2211 1908 2295 1949 aut

357 1992 593 2027 mancum
626 1972 717 2024 effe
747 1972 916 2025 locum
945 1968 1254 2041 Aristotelis,
1313 1971 1619 2043 alterumque
1650 1992 1884 2036 nervum,
1922 1992 2038 2027 vere
2069 1976 2296 2041 opticum

360 2047 591 2101 omissum
616 2047 707 2099 effe
728 2065 751 2099 a
777 2044 1004 2106 librariis,
1039 2064 1155 2097 cum
1180 2044 1305 2097 duos
1330 2044 1467 2098 fimul
1490 2065 1669 2100 nervos
1701 2051 1927 2101 nominet
1953 2045 2295 2118 philosophus,

361 2136 443 2175 aut
473 2125 694 2191 opticum
728 2124 976 2174 minorem
1005 2133 1204 2189 propter
1232 2119 1548 2187 gracilitatem
1579 2121 1711 2173 suam
1734 2136 1780 2175 et
1797 2125 2031 2175 viciniam
2060 2122 2298 2174 crassioris

362 2195 710 2266 proboscidem
749 2194 971 2247 adeuntis
1009 2193 1069 2246 ab
1106 2212 1170 2263 eo
1208 2190 1343 2246 fuiffe
1386 2193 1681 2260 negletstum.
1779 2196 2037 2269 Quidquid
2067 2196 2148 2258 fit,
2196 2193 2297 2246 hoc

365 2283 551 2323 tamem
573 2271 891 2323 certiffimum
912 2270 967 2327 fit
990 2272 1137 2320 etiam
1160 2285 1222 2319 ex
1244 2267 1342 2320 hoc
1364 2267 1495 2328 loco,
1520 2267 1827 2338 Aristotelem
1841 2289 2009 2323 veram
2027 2286 2299 2323 nervorum

368 2348 614 2411 originem
649 2358 694 2396 et
725 2345 923 2395 cursum
953 2341 1213 2409 diligenter
1242 2345 1291 2392 in
1321 2342 1612 2400 animalibus
1650 2348 1882 2396 rimatum
1914 2345 2034 2407 effe,
2091 2362 2182 2396 nec
2213 2339 2297 2395 nifi

371 2437 545 2486 magna
568 2437 682 2469 cum
709 2421 880 2479 iniuria
903 2415 1141 2483 ignorasse
1162 2414 1304 2483 plane
1328 2434 1413 2468 eos
1433 2416 1528 2468 dici
1549 2417 1694 2486 posse.
1737 2451 1740 2452 ν
1772 2423 1959 2471 Verum
1979 2433 2143 2472 tamen
2165 2423 2301 2471 cere-

371 2491 444 2544 bri
478 2511 591 2544 cum
626 2491 851 2543 sensuum
890 2492 1216 2543 instrumentis
1254 2493 1682 2544 continuationem
1725 2505 1774 2544 et
1812 2493 2099 2546 consensum
2135 2504 2301 2564 aperte

373 2581 518 2632 negat
542 2565 602 2618 de
626 2564 842 2617 Partibus
865 2569 916 2616 11.
939 2584 985 2623 7.
1004 2568 1167 2635 itaque
1189 2577 1407 2615 naturam
1439 2579 1487 2616 et
1506 2565 1730 2618 officium
1753 2584 2018 2635 nervorum
2045 2568 2303 2635 ignoravit.

374 2639 467 2693 Etfi
497 2643 630 2692 enim
652 2658 838 2692 nexum.
857 2637 1148 2699 oculorum,
1189 2641 1383 2690 aurium
1404 2652 1453 2690 et
1481 2643 1672 2692 narium
1703 2659 1817 2692 cum
1856 2641 2060 2695 cerebro
2091 2641 2303 2713 aliquem

375 2715 493 2767 vidit
524 2730 668 2785 atque
701 2717 977 2774 annotavit,
1031 2711 1127 2765 alio
1159 2726 1321 2763 tamen
1352 2731 1500 2783 quam
1538 2713 1599 2764 acl
1631 2715 1918 2768 consensum
1949 2719 2158 2785 partium
2190 2732 2301 2768 eam

367 2786 607 2840 fabricam
629 2787 813 2847 retulit3
853 2801 998 2857 atque
1025 2787 1117 2856 ipsa
1147 2785 1273 2838 adeo
1305 2791 1488 2849 oratio,
1523 2804 1616 2858 qua
1648 2790 1756 2841 usus
1787 2791 1880 2850 est,
1917 2791 2023 2841 [atis
2045 2787 2301 2842 manifesto

376 2881 596 2915 errorem
623 2864 724 2925 ejus
745 2865 914 2928 arguit.
990 2864 1267 2927 pertingere
1299 2864 1432 2912 enim
1455 2881 1574 2914 mox
1597 2861 1773 2915 oculos
1800 2866 1847 2913 in
1869 2862 2151 2924 cerebrum,
2190 2861 2303 2917 alibi

374 2937 512 3006 super
533 2934 704 2988 venula
728 2954 790 2988 ex
809 2932 1015 2993 cerebro
1046 2934 1321 3004 prodeunte
1354 2933 1464 2988 fitos
1496 2936 1588 2988 esse
1600 2972 1617 2997 ‚b
1651 2935 1869 3007 denique.
1891 2937 2118 2990 venulam
2138 2957 2200 2991 ex
2223 2957 2303 2991 ce-

374 3010 520 3063 rebro
548 3013 595 3061 in
625 3027 794 3061 aurem
826 3025 1084 3081 utramque
1116 3010 1394 3079 pertingere
1421 3008 1699 3081 simpliciter
1730 3013 1824 3074 ait,
1884 3010 2016 3066 nulla
2047 3014 2303 3067 consensus

375 3089 534 3137 mutui
554 3082 675 3138 fasta
695 3087 962 3137 mentione.

2136 3233 2181 3286 A
2192 3248 2309 3307 tque
