2571 3775
1006 367 1296 387 -“““““““
1987 370 2094 422 229

208 526 211 527 ν
267 536 270 537 ⁷
355 484 624 544 Cornelius,
638 478 962 545 Alexander,
1001 479 1274 549 Polyhistor
1293 498 1320 534 a
1343 476 1599 533 multifaria
1620 480 1841 535 dodirina
1864 485 2093 537 nomina-

206 577 285 617 tus
297 601 313 627 ,
352 562 547 617 Lentuli
581 564 797 632 primum
824 558 1015 620 servus,
1064 555 1247 610 deinde
1278 553 1480 610 libertus
1521 568 1569 608 et
1597 558 1847 624 magister,
1896 556 2097 623 Syllanis

205 637 529 708 temporibus,
604 633 781 688 Libros
802 633 885 686 seu
905 629 1263 686 colleffionem
1276 649 1441 685 rerum
1461 629 1760 684 mirabilium
1773 667 1788 694 ,
1819 643 1867 684 et
1885 649 2013 700 opus
2034 631 2098 684 de

206 716 457 842 {effingtis
476 708 766 838 angnalibus
784 706 1009 780 scripfiffe
1030 722 1222 779 praeter
1248 706 1404 762 multa
1424 705 1516 760 alia
1539 706 1745 769 dicitur3
1779 722 1999 779 quorum
2022 706 2099 757 ni-

244 807 258 840 1
331 805 363 840 ο
401 804 445 839 1e
471 804 532 839 ex
575 799 637 838 at.

353 892 678 962 Alexander,
717 893 1030 956 Trallianus,
1068 892 1295 946 medicus
1321 889 1499 945 Seculo
1514 895 1594 946 VI.
1631 893 1859 943 Diaetam
1884 891 2099 956 aegrotis

203 969 289 1023 ubi
320 968 625 1040 praescribit,
681 971 887 1039 piscium
923 968 1200 1022 multorum
1247 971 1454 1022 nomina
1497 980 1545 1019 et
1577 966 1905 1018 differentiam
1943 965 2098 1033 ponit.

203 1049 345 1098 Haec
366 1044 476 1098 loca
496 1049 665 1098 omnia
688 1059 915 1114 excerpta
940 1043 1086 1096 latine
1107 1043 1273 1114 posuit
1292 1046 1342 1095 in
1362 1041 1489 1095 libro
1511 1045 1568 1095 V.
1655 1036 1865 1094 Plinius
1886 1036 2099 1090 Valeria-

205 1138 299 1246 ἓως
325 1134 377 1172 ut
402 1123 501 1185 jam
519 1118 642 1173 olim
661 1119 906 1174 admonui
925 1118 987 1170 ad
1010 1114 1310 1190 Oppianum
1330 1135 1379 1189 p.
1405 1129 1468 1185 38
1483 1135 1526 1180 3.
1603 1112 1772 1170 Verfio
1794 1111 1944 1167 latino
1959 1109 2099 1163 —bar-

242 1211 320 1246 ara
352 1196 583 1250 rarissima
615 1196 696 1248 est.

360 1307 404 1356 S.
433 1299 754 1374 Ambrosius,
796 1302 1070 1372 Episcopus
1089 1299 1474 1356 Mediolanenfis
1495 1299 1558 1354 ab
1575 1317 1707 1353 anno
1736 1316 1857 1364 374.
1943 1297 2103 1351 Com-

206 1381 597 1504 mentariusdejus
621 1383 671 1432 in
695 1382 1048 1432 Hexaemeron
1074 1376 1363 1432 animalium
1395 1375 1671 1430 multorum
1698 1376 1908 1427 nomina
1940 1384 1988 1424 et
2010 1388 2105 1424 no·-

206 1468 369 1507 t1t1am
391 1467 461 1505 tra
499 1467 550 1505 1t.
577 1493 584 1498 ..

359 1560 629 1624 AtzdreaS,
661 1561 901 1614 medicus.
975 1565 1048 1612 Ex
1068 1559 1199 1614 libro
1224 1560 1287 1612 de
1308 1557 1427 1613 falso
1445 1559 1639 1612 creditis
1662 1555 1816 1625 vulgo
1840 1555 2011 1609 locum
2034 1550 2102 1605 afi-

208 1636 302 1693 fert
323 1634 616 1690 Athenaeus
631 1641 725 1695 VH-
749 1655 793 1705 p.
820 1654 875 1697 31
892 1652 936 1686 2.
959 1634 1045 1689 ubi
1066 1639 1255 1688 coitum
1277 1652 1543 1687 muraenae
1570 1652 1688 1686 cum
1700 1628 1909 1699 anguilla
1932 1646 1993 1681 ex
2017 1645 2103 1679 na-

208 1728 314 1766 tura
341 1713 533 1781 viperae
552 1707 728 1762 refellit
748 1708 955 1762 Scholae
972 1708 1306 1778 Herophileae
1327 1708 1495 1761 affecla
1509 1746 1525 1770 ,
1570 1708 1657 1760 sub
1675 1705 1964 1760 Ptolemaeo
1990 1701 2104 1754 Phi-

209 1787 433 1857 lopatore
452 1784 619 1838 vixiffe
643 1784 849 1837 videtur.
924 1782 1050 1836 Vide
1086 1780 1162 1847 Le
1182 1780 1325 1836 Clerc
1354 1784 1570 1837 Histoire
1604 1782 1664 1836 de
1699 1781 1743 1835 la
1763 1778 2025 1832 Medecine
2046 1779 2102 1828 ΙΙ.

208 1880 317 1935 pag.
347 1867 429 1926 36.
460 1878 565 1929 37„

360 1965 690 2039 AwtigomtS,
734 1962 1014 2037 Carystius.
1084 1963 1251 2032 Vulgo
1270 1964 1331 2016 ad
1352 1964 1705 2034 Olympiadem
1736 1979 1853 2026 127.
1885 1957 2105 2013 refertur.

213 2051 385 2116 Quem
405 2045 558 2097 hodie
579 2040 664 2093 sub
685 2043 790 2106 ejus
810 2043 1019 2092 nomine
1040 2037 1282 2091 habemus
1304 2037 1525 2091 libellum
1543 2037 1843 2090 mirabilium
1871 2038 2106 2087 narratio-

214 2139 335 2174 num
350 2156 364 2180 ,
397 2131 533 2171 totus
552 2118 619 2169 est
640 2134 702 2168 ex
721 2113 1000 2168 Aristotelis
1014 2151 1028 2175 ,
1066 2112 1401 2182 Theophrasti
1426 2112 1735 2184 aliorumque
1754 2111 1946 2181 scriptis
1964 2126 2107 2163 com-

213 2195 405 2266 pilatus·
487 2195 620 2244 Hinc
640 2189 803 2243 nullus
824 2191 929 2255 ejus
949 2186 1034 2242 nifi
1047 2191 1107 2240 in
1128 2206 1181 2240 re
1206 2191 1372 2240 critica
1392 2188 1504 2240 usus
1527 2189 1608 2240 est.

362 2308 421 2357 L.
455 2296 731 2373 Apulejm,
768 2295 1101 2351 Madaurenfis
1123 2315 1186 2350 ex
1207 2294 1390 2350 Africa.
1436 2295 1611 2350 Medio
1631 2293 1732 2348 fere
1753 2293 1915 2347 seculo
1936 2292 2108 2344 secun-

217 2381 283 2433 do
305 2383 353 2430 P.
373 2381 434 2429 N.
460 2379 519 2430 C.
548 2378 737 2442 magiae
763 2377 969 2426 crimine
993 2370 1248 2425 accersitus
1271 2371 1464 2425 causam
1489 2370 1613 2423 dixit
1633 2373 1682 2422 in
1705 2368 1982 2440 Apologia,
2023 2364 2110 2417 ubi

216 2450 506 2510 animalium
533 2450 840 2518 pisciumque
872 2446 1148 2500 multorum
1179 2449 1409 2507 nomina,
1455 2458 1680 2497 naturam
1707 2457 1759 2513 ‘et
1789 2446 1919 2495 vires
1950 2440 2110 2512 posuit

215 2542 297 2583 aut
328 2525 567 2596 expressit.
651 2520 862 2575 Librum
884 2519 1090 2590 plenum
1123 2519 1321 2572 mendis
1351 2533 1398 2571 et
1418 2518 1602 2571 lacunis
1628 2521 1815 2571 utinam
1844 2520 1917 2569 vir
1937 2514 2111 2586 aliquis

217 2601 393 2656 clodius
413 2619 438 2652 a
460 2600 642 2652 Critica
664 2610 712 2650 et
731 2614 898 2649 rerum
920 2608 1121 2647 naturae
1148 2595 1344 2646 scientia
1367 2591 1495 2645 bene
1525 2590 1786 2645 instrucius
1822 2609 1884 2644 ex
1906 2589 2111 2644 Codici-

216 2678 306 2731 bus
340 2677 523 2745 scriptis
557 2669 880 2739 redintegret!
936 2674 990 2722 In
1022 2668 1221 2740 reliquis
1255 2670 1357 2734 ejus
1387 2666 1545 2730 libris,
1594 2662 1957 2738 Oudewdorpii
1990 2679 2106 2717 cura

217 2750 488 2807 emendatis
510 2764 693 2817 nuper,
740 2762 926 2816 paucae
951 2744 1112 2797 insunt
1132 2742 1426 2796 animalium
1451 2744 1670 2794 notitiae.

360 2854 757 2927 'Areliestratzm
778 2854 985 2917 Siculus,
1007 2857 1133 2924 epici
1155 2856 1383 2907 carminis
1404 2850 1589 2905 auc‘tor.
1665 2855 1738 2903 Ex
1760 2847 1945 2900 curiosa
1967 2862 2110 2915 pere-

220 2939 494 3006 grinatione
521 2930 836 2984 helluonibus
868 2932 1055 2998 graecis
1087 2927 1250 2982 retulit
1277 2926 1415 2999 quod
1452 2928 1631 2997 quovis
1656 2928 1706 2976 in
1736 2923 1853 2975 loco
1890 2919 2108 2972 esculen-

218 3027 386 3065 torum
421 3004 897 3078 potulentorumque
928 3022 1084 3072 genus
1117 3002 1172 3056 fit
1200 3005 1484 3070 egregium,
1534 3003 1603 3051 uti
1636 2995 1782 3051 refert
1811 2990 2107 3048 Athenaeus

220 3091 315 3138 VII.
341 3103 387 3154 p.
415 3099 479 3145 27
493 3092 534 3139 8.
556 3081 791 3132 Aetatem
816 3080 1032 3132 hominis
1052 3081 1235 3146 arguit,
1288 3075 1422 3149 quod
1455 3076 1559 3139 ejus
1592 3073 1874 3128 testimonio
1905 3082 2108 3120 utuntur

216 3153 488 3216 Clearchus
508 3153 730 3218 Solenfi5,
760 3150 1043 3225 Arfflotelis
1055 3149 1314 3285 dispipulus
1327 3149 1455 3223 apud
1466 3143 1771 3205 Athenaeum
1792 3149 1892 3273 vgl.
1913 3161 1959 3212 p.
1985 3155 2047 3270 2l8
2062 3158 2105 3204 5.

1226 3244 1249 3291 3
1863 3256 1865 3259 v
1889 3234 2004 3272 εζητ
2022 3232 2103 3270 ms
