2571 3775
1055 380 1348 421 “““.-““““““.“
2060 378 2162 427 273

209 511 305 551 tur.
380 497 454 552 Ut
483 496 546 555 de
580 509 746 562 natura
771 493 948 547 harum
977 493 1316 563 appendicum
1337 492 1563 547 dubitem
1596 495 1780 566 <eaque
1814 493 1910 564 ipsa
1934 493 2069 547 causa
2092 493 2162 546 est

206 590 298 625 cur
326 576 747 641 comparationem
780 587 807 621 a
838 568 912 622 Cl.
942 564 1253 639 Bromſjbnet
1281 570 1548 620 institutam
1580 566 1925 619 branchiarum
1950 568 2159 636 piscium

211 660 262 698 et
295 650 584 713 gyrinorum
604 641 888 713 >adprobare
908 640 1071 695 adhuc
1101 646 1327 713 nequeo)
1350 640 1462 694 facit
1481 639 1627 693 dubia
1650 644 1827 694 Sirenis
1848 640 2103 693 lacertinae
2131 657 2158 693 a

212 723 437 781 Linnaeo
473 716 629 770 didiae
656 732 839 770 natura.
941 720 1084 769 Hanc
1124 721 1259 773 enirn
1296 713 1558 770 Limeaeus
1590 713 1912 785 pulmonibus
1941 712 2081 766 simul
2109 727 2159 765 et

211 792 465 850 branchiis
488 806 630 844 extus
659 790 918 862 appositis,
955 791 1016 843 ad
1048 792 1188 843 instar
1217 791 1549 861 appendicum
1577 793 1891 857 gyrinorum,
1933 789 2157 843 instruxit

208 882 262 919 et
282 863 650 934 amphibiorum
685 866 849 919 ordini
869 865 1091 927 inseruit,
1130 867 1266 936 quod
1295 869 1432 936 aquis
1447 864 1697 917 interdum
1715 866 1765 916 in
1785 877 1965 916 terram
1984 861 2154 929 egredi

209 940 407 992 tradidit
430 936 655 1000 Garden.
753 939 899 994 Multi
921 959 1041 993 vero
1062 940 1244 999 deinde
1263 943 1357 992 viri
1379 937 1539 1000 dosii,
1578 941 1702 990 inter
1722 956 1849 1008 quos
1876 935 1951 991 Cl.
1974 932 2154 989 Pallas

209 1017 469 1067 nominare
508 1014 620 1067 satis
651 1016 718 1066 est
741 1052 756 1076 ,
836 1014 1018 1066 larvam
1044 1013 1256 1066 ‘lacertae
1295 1013 1498 1065 alicuius
1525 1014 1832 1076 americanae
1862 1030 1887 1064 a
1923 1007 2153 1072 Garden,

207 1087 392 1140 deinde
411 1105 530 1153 vero
549 1087 611 1140 ab
633 1087 804 1156 Anglo
826 1085 960 1141 Ellis
981 1107 1073 1157 pro
1112 1086 1319 1140 animale
1345 1085 1564 1156 perfeeto
1590 1084 1733 1138 nobis
1770 1085 1994 1137 traditam
2014 1082 2152 1136 fuiffe

207 1165 397 1231 opinati
417 1162 538 1214 sunt.
614 1165 661 1214 N
667 1166 910 1232 uperrime
930 1162 1137 1213 deinum
1169 1164 1397 1229 egregius
1418 1157 1635 1231 Camper
1657 1177 1718 1212 ex
1736 1158 1951 1212 sefiione
1967 1162 2152 1211 anima-

208 1235 267 1288 lis
288 1236 492 1289 definire
516 1254 672 1304 genus
697 1250 1017 1307 naturamque
1040 1240 1143 1288 eius
1163 1236 1358 1288 studuit.
1414 1240 1456 1288 Is
1479 1239 1623 1302 igitur
1642 1234 1703 1286 de
1723 1233 1876 1287 firene
1892 1233 1994 1284 hac
2014 1233 2149 1302 suam

207 1313 502 1379 opinionem
521 1310 741 1379 prodidit
761 1315 810 1362 in
831 1314 1028 1379 Scriptis
1053 1314 1231 1364 Societ.
1251 1307 1468 1363 Berolin.
1498 1313 1564 1360 T.
1585 1313 1684 1360 VII.
1707 1328 1753 1378 p.
1768 1328 1873 1373 479
1898 1307 2076 1359 deinde
2097 1310 2149 1360 in

210 1383 447 1454 Opuscul.
469 1388 725 1438 minorum
749 1384 857 1438 Vol.
874 1390 946 1436 ΙΙΙ.
966 1390 1012 1436 Ρ.
1035 1390 1068 1436 Ι.
1089 1404 1134 1454 p.
1156 1403 1233 1445 32-
1310 1388 1361 1436 ln
1383 1387 1547 1454 priore
1567 1384 1745 1453 scripto
1772 1396 2018 1435 memorat
2046 1382 2145 1433 ser-

208 1473 415 1529 pentum
438 1458 560 1521 ossa‚
601 1460 878 1530 squammas
909 1473 959 1511 et
986 1460 1115 1511 scuta
1144 1463 1194 1510 in
1228 1460 1461 1512 intestinis
1482 1472 1700 1527 reperta,
1741 1455 1994 1509 branchias
2015 1459 2145 1509 intus

207 1531 381 1603 politas
402 1547 455 1584 ut
476 1537 525 1584 in
546 1531 742 1605 reliquis
770 1531 980 1602 piscibus
1006 1531 1289 1594 fabricata33
1328 1551 1446 1606 quas
1480 1533 1693 1602 separare
1723 1532 1953 1583 dicuntur
1986 1548 2145 1599 mem÷

208 1606 387 1659 branae
408 1605 693 1660 fimbriatae.
745 1608 944 1661 Caudae
964 1606 1216 1660 vertebrae
1236 1608 1432 1668 adsunt,
1469 1607 1654 1677 pedum
1678 1625 1797 1659 vero
1818 1607 2149 1676 posteriorum

208 1682 468 1749 vestigium
488 1679 706 1741 nullum3
741 1701 855 1734 cum
881 1686 931 1734 in
950 1700 1092 1735 ranae
1121 1682 1396 1751 paradoxae
1418 1681 1542 1734 larva
1567 1680 1749 1733 caudae
1768 1678 2017 1733 vertebrae
2037 1677 2146 1730 nul-

210 1753 309 1817 lae,
350 1755 538 1824 pedum
570 1774 682 1808 aero
702 1758 1032 1825 posteriorum
1062 1758 1255 1822 vestigia
1284 1756 1408 1808 clara
1431 1754 1595 1808 adfint.
1659 1752 1825 1807 Refert
1849 1757 1996 1821 igitur
2021 1757 2146 1808 Sirea-

210 1847 328 1881 nem
349 1829 410 1881 ad
431 1829 581 1899 pisces
611 1828 1012 1897 branchiosiegos
1044 1832 1169 1882 inter
1196 1848 1480 1891 muraenas,
1517 1847 1725 1900 eamque
1744 1832 1903 1899 pinnis
1922 1826 2145 1898 pestora-

211 1902 338 1955 libus
367 1902 715 1970 tetradaRylis,
752 1903 904 1956 tribus
932 1903 1276 1956 branchiarum
1307 1902 1628 1958 foraminibus
1657 1918 1803 1975 atque
1833 1907 1887 1956 iis
1918 1902 2145 1972 appositis

209 1974 514 2030 membranis
545 1976 798 2030 fimbriatis
829 1978 1090 2046 distinguit.
1169 1981 1398 2049 Denique
1431 1992 1484 2030 ut
1508 1977 1809 2030 demonstret
1830 1976 1966 2030 nullo
1985 1976 2145 2030 modo

210 2050 395 2104 larvam
423 2050 627 2104 lacertae
661 2051 754 2104 effe
785 2052 948 2122 poss‘e,
983 2054 1146 2119 arguit
1174 2055 1223 2104 in
1245 2056 1412 2122 primis
1442 2051 1836 2119 magnitudinem
1857 2051 2041 2114 larvae,
2080 2069 2144 2103 ex

212 2143 307 2198 qua
331 2140 437 2178 nata
454 2125 628 2179 lacerta
649 2130 878 2179 immanis
902 2127 995 2182 esse
1017 2126 1204 2180 debeat.
1252 2127 1337 2179 Ad
1357 2126 1674 2179 stilaniandras
1697 2124 1864 2179 referri
1886 2145 1988 2180 non
2011 2125 2147 2196 poss‘e

212 2205 303 2260 ait3
347 2199 420 2253 his
453 2204 585 2252 enim
617 2202 776 2253 costae
809 2201 1008 2263 desunt,
1048 2220 1171 2273 quae
1198 2199 1336 2270 fireni
1365 2201 1560 2260 adsunt3
1602 2215 1770 2254 contra
1790 2200 1911 2253 haec
1938 2200 2149 2270 pedibusv

213 2273 570 2344 posterioribus
596 2289 753 2335 caret,
809 2280 893 2346 qui
918 2276 1225 2330 salamandris
1255 2276 1438 2328 adsunt.
1514 2280 1668 2328 Porro
1691 2279 1891 2343 gyrinos
1922 2272 2146 2328 foramen

216 2367 373 2400 unum
394 2347 743 2401 branchiarum
759 2352 809 2401 in
829 2348 1010 2403 finistro
1034 2349 1178 2403 latere
1199 2347 1394 2411 habere,
1434 2347 1639 2402 {irenem
1659 2365 1829 2403 contra
1851 2354 1970 2403 trina
1995 2353 2146 2401 utrin-

216 2441 329 2496 que.
404 2427 634 2494 Denique
667 2427 716 2476 in
747 2425 845 2477 fine
866 2423 1122 2482 {vertebras
1154 2424 1337 2476 caudae
1360 2424 1518 2477 deesse
1543 2422 1714 2487 refert,
1776 2444 1894 2477 cum
1921 2422 1982 2477 ab
2005 2427 2149 2477 initio

218 2497 400 2550 caudae
424 2497 622 2561 officula
646 2498 801 2550 adeffe
821 2500 1059 2568 posuisset.
1137 2499 1230 2551 Sed
1253 2499 1312 2550 ad
1332 2501 1502 2551 onmia
1524 2502 1611 2556 viri
1631 2503 1812 2567 egregii
1832 2517 1925 2552 una
1951 2499 2149 2569 respon-

217 2570 284 2624 fio
307 2573 373 2624 est
393 2570 541 2633 hacc,
585 2591 647 2624 ex
672 2572 891 2640 analogia
914 2575 1203 2640 gyrinorum
1224 2591 1324 2626 non
1348 2577 1560 2626 omnino
1579 2574 1860 2639 judicandas
1884 2572 1977 2627 effe
1997 2572 2149 2626 larvas

219 2646 534 2709 lacertarum,
574 2666 666 2699 nec
699 2666 760 2699 ex
792 2661 958 2700 natura
978 2662 1206 2700 notarum
1230 2646 1517 2699 lacertarum
1546 2651 1743 2715 ignotae
1763 2648 1964 2702 alicuius
1986 2666 2040 2700 ac
2062 2647 2151 2700 fin·-

215 2720 401 2789 „gularis
422 2719 643 2774 indolem
663 2722 852 2776 definiri
871 2738 952 2775 aut
963 2725 1144 2786 coniici
1161 2721 1320 2792 posse3
1340 2722 1476 2792 quod
1490 2725 1538 2773 in
1550 2726 1722 2791 primis
1737 2722 1940 2776 lacertae
1961 2721 2150 2794 bipedis

221 2794 475 2864 etapodis
504 2795 743 2866 exemplis
775 2811 922 2866 patet.
1019 2801 1157 2849 Haec
1188 2815 1402 2858 moneo,
1467 2816 1571 2849 non
1599 2816 1701 2868 quo
1734 2796 1940 2851 firenem
1971 2796 2151 2849 larvam

221 2868 427 2921 lacertae
457 2869 660 2924 alicuius
691 2871 785 2924 esse
815 2872 1059 2925 affirmem
1079 2909 1094 2933 ,
1155 2871 1235 2923 sed
1266 2884 1318 2924 ut
1351 2885 1578 2940 appareat
1604 2872 1823 2940 pluribus
1851 2874 2153 2940 argumentis
2227 2867 2229 2870 ⁴

221 2947 511 3013 opinionem
532 2942 771 3015 Camperi
792 2944 1087 2999 fulciendam
1105 2942 1254 2999 suiffe.
1330 2950 1471 2997 Hanc
1493 2946 1700 2998 eandem
1725 2951 1772 2998 in
1797 2945 2040 3017 opusculis
2062 2948 2153 2997 mi-

220 3017 423 3071 noribus
455 3037 569 3078 cum
602 3034 702 3071 tota
744 3026 1020 3074 narratione
1062 3018 1213 3090 paulo
1245 3019 1379 3072 aliter
1412 3019 1643 3090 prodidit.
1745 3020 1987 3091 Spiracula
2020 3035 2156 3073 terna

220 3097 448 3163 utrinque
469 3092 765 3147 membranis
789 3096 1044 3149 fimbriatis
1066 3097 1147 3149 {eu
1169 3093 1411 3164 profunde
1441 3092 1598 3147 incifis
1627 3094 1852 3164 distingui
1884 3099 1973 3157 ait,
2036 3113 2154 3167 quas

219 3164 482 3226 Limnaeus
501 3169 706 3240 peffime
738 3168 1082 3225 branchiarum
1115 3185 1255 3223 extus
1294 3167 1560 3239 politarum
1590 3174 1795 3228 nomine
1827 3169 2154 3243 appellaverit.

1153 3247 1272 3301 ΜΠ]
1981 3248 2159 3299 Pinnas
