2571 3775
2098 350 2195 395 321

1089 370 1176 378 ————-

247 482 339 519 ceo
363 461 605 535 excerpsi,
642 479 760 515 cum
782 477 886 531 quo
911 469 1068 511 totam
1091 453 1385 525 Aristotelis
1404 455 1658 511 historiam
1680 453 1974 513 ⁴animalium
1994 479 2198 533 compa-

244 543 343 591 ravi
377 540 699 610 posteaquam
729 536 862 587 hunc
898 535 1335 586 Commentariun]
1363 532 1685 602 expedieram
1713 537 1812 586 iam
1851 548 2030 587 totum.
2123 536 2194 590 lbi

243 617 394 681 igitur
415 612 478 665 fic
499 613 567 664 est
586 611 832 679 seriptum.
908 603 1362 678 Eqnusflnviali5‚
1397 603 1491 677 qui
1519 603 1573 660 in
1596 604 1816 678 Egypto
1830 644 1844 667 ,
1872 605 2058 678 jubam
2079 608 2194 681 qui-

246 685 353 740 dem
374 680 523 739 habet
541 679 955 756 quamadmodum
980 696 1164 752 equum
1206 676 1470 753 dischalum
1499 687 1666 733 autem
1688 678 1748 734 id
1770 680 1834 750 est
1858 678 2078 753 duplicis
2102 701 2194 736 zm-

238 758 420 832 gulae‚
443 756 575 827 ficut
595 752 715 820 bos,
755 754 866 828 visu
896 763 1062 809 autem
1083 752 1239 810 hebes.
1272 749 1423 808 hahet
1456 762 1622 808 abatem
1656 762 1704 808 et
1739 753 2193 826 astragalumficub

246 829 460 906 dychala
479 840 527 886 et
556 829 900 886 cauliodontes
918 823 1351 902 subapparemes.
1398 825 1626 883 Caudam
1645 836 1811 883 autem
1826 828 1995 902 pprci,
2027 847 2191 885 vocem

241 915 408 962 autem
429 904 559 979 equi.
624 902 947 977 Magnitudo
969 904 1032 973 est
1060 905 1232 977 major
1264 902 1394 973 astno
1405 920 1430 970 ;
1456 899 1605 983 pellis
1633 910 1800 957 autem
1815 901 2095 976 gr‘offitie5‚
2130 912 2190 960 ub

152 1021 154 1023 >
227 979 530 1054 stutafiant
548 998 613 1035 ex
631 978 760 1053 ipsa.
835 975 1106 1033 Interiora
1129 986 1296 1033 autem
1321 973 1500 1043 fimilm
1533 993 1658 1048 equo
1681 985 1728 1030 et
1747 976 1892 1043 afim.

379 1061 433 1108 In
467 1055 558 1109 hac
591 1055 813 1109 versione
845 1071 1037 1125 novum
1072 1051 1330 1105 miraberis
1364 1069 1613 1111 errorem3
1653 1047 1801 1124 σιμὸς
1830 1054 1962 1103 enim
1993 1052 2055 1105 de
2090 1053 2187 1106 visu

241 1126 420 1184 hebete
446 1129 681 1199 explicat3
720 1128 902 1200 reliqua
927 1125 1233 1196 comparabit
1257 1127 1355 1196 ipse
1378 1124 1533 1178 letior
1556 1143 1675 1178 cum
1689 1130 1876 1193 graecis
1901 1124 2078 1180 verbis.

385 1209 616 1276 Denique
645 1223 799 1275 nuper
836 1202 1056 1255 Dresdae
1094 1206 1144 1254 in
1174 1202 1351 1254 Museo
1390 1198 1648 1253 Eled'torali
1690 1200 1791 1253 vidi
1838 1199 2184 1271 hippopotami

238 1282 439 1332 exuvias
460 1277 629 1340 fartas;
664 1283 716 1331 in
747 1277 924 1350 quibus
956 1275 1085 1347 pilos
1118 1275 1364 1329 labiorum
1388 1271 1689 1328 fasciculatos
1722 1288 1772 1328 et
1790 1279 1982 1327 narium
2003 1280 2184 1344 margi-

236 1371 355 1406 nem
380 1351 660 1407 latiffimum
678 1367 730 1405 et
759 1353 1096 1405 craffissimum
1128 1354 1329 1403 miratus
1351 1349 1472 1401 sum.
1544 1347 1859 1417 Ungularum
1887 1350 2184 1421 quadrifida-

237 1444 350 1480 rum
372 1446 425 1480 ea
446 1430 514 1481 est
531 1427 732 1498 positio,
762 1440 815 1479 ut
833 1425 976 1479 binae
996 1425 1191 1478 mediae
1209 1427 1420 1490 majores
1442 1421 1601 1477 refiae
1621 1424 1897 1476 antrorsum
1919 1425 2182 1478 conversae

232 1500 465 1572 speeiem,
503 1501 722 1575 reliquae
742 1500 885 1554 binae
908 1501 1200 1553 divaricatae
1220 1500 1327 1551 sunt
1349 1502 1429 1560 ita,
1452 1512 1503 1550 ut
1523 1516 1618 1550 una
1641 1498 1905 1550 introrsum
1928 1497 2071 1551 altera
2094 1517 2183 1551 ex-

235 1577 449 1629 trorsum
471 1578 702 1630 conversa
725 1593 966 1644 magnum
993 1575 1101 1628 satis
1124 1575 1331 1645 spatium
1361 1572 1709 1627 intermedium
1728 1590 1755 1625 a
1772 1571 1966 1644 reliquis
1990 1571 2181 1628 duabus

233 1650 414 1704 mediis
437 1651 722 1724 relinquant.

382 1730 435 1777 In
458 1726 641 1779 eodem
653 1724 828 1777 Museo
846 1726 1088 1778 Granium
1109 1722 1459 1792 hippopotami
1481 1724 1731 1790 integrum
1748 1736 1971 1775 accurate
1995 1722 2179 1792 inspexi

235 1811 286 1853 et
314 1797 570 1852 delineavi.
659 1801 899 1852 Anterior
929 1800 1035 1850 eius
1066 1815 1176 1867 pars
1211 1796 1372 1848 media
1412 1795 1573 1849 multo
1601 1795 1743 1850 latior
1776 1797 2002 1862 ejusdem
2035 1796 2178 1866 plane

235 1891 354 1925 cum
383 1878 594 1944 occipite
631 1872 896 1926 latitudinis
927 1873 1020 1934 est,
1062 1874 1126 1923 ita
1156 1884 1209 1923 ut
1239 1868 1434 1922 maxilla
1466 1884 1668 1942 utraque
1691 1870 1851 1923 media
1872 1889 2180 1941 magnopere

234 1946 441 2010 sinuata,
476 1962 524 2001 et
556 1961 720 2002 totum
758 1959 903 2017 caput
931 1943 1227 2016 quadratum
1257 1943 1324 1997 fit.
1394 1945 1471 1998 Os
1502 1943 1880 1997 intermaxillare
1911 1945 2178 2014 stupendae

236 2022 592 2091 magnitudinis
614 2019 755 2083 facit,
786 2035 837 2074 ut
858 2017 1041 2073 labium
1061 2019 1276 2089 superius
1297 2016 1438 2072 valde
1461 2037 1577 2071 cum
1596 2017 1791 2072 naribus
1813 2018 1918 2089 ipsis
1939 2018 2178 2089 protube-

233 2111 321 2151 ret.
390 2102 577 2151 Dentes
598 2091 870 2150 maxillares
891 2095 1027 2165 supra
1048 2092 1266 2166 infraque
1288 2093 1388 2146 seni
1409 2097 1635 2164 utrinque
1658 2093 1885 2154 aderant,
1924 2096 2176 2163 postremo

236 2176 463 2244 utrinque
485 2171 710 2225 nondum
735 2169 978 2240 explicato
1003 2172 1210 2239 penitus.
1282 2167 1376 2220 Sed
1403 2167 1464 2220 de
1487 2172 1654 2221 cranio
1673 2167 1772 2221 hoe
1796 2167 1909 2220 alibi
1934 2167 2176 2238 copiosius

236 2246 424 2298 tradam
447 2248 756 2316 figuramque
774 2264 799 2297 a
823 2243 970 2297 Gallo
996 2240 1205 2314 GJ‘uffiezi
1228 2256 1277 2294 et
1295 2246 1528 2296 Britanno
1550 2239 1714 2297 Grem
1733 2247 1783 2296 in
1802 2243 1978 2296 Museo
2001 2247 2175 2298 Societ.

237 2323 418 2389 Regiae
440 2320 600 2375 Lond.
620 2318 827 2390 politam
849 2317 1110 2387 diligenter
1132 2315 1448 2387 comparabo.

462 2436 979 2544 ADDENDA
1025 2473 1161 2540 AD
1207 2471 1951 2574 SYNONYMIAM.

1057 2592 1143 2645 Ad
1180 2610 1289 2664 pag.
1325 2611 1373 2658 4.

390 2694 831 2766 Comparationem
864 2697 990 2748 uteri
1022 2710 1138 2745 acus
1180 2696 1395 2745 marinae
1442 2709 1559 2745 cum
1604 2690 1799 2744 caecilia
1834 2691 2053 2761 serpente
2084 2708 2178 2744 nee

241 2768 535 2823 confirmare
561 2771 795 2843 equidem
819 2788 911 2822 nec
933 2773 1221 2838 impugnare
1241 2765 1416 2827 aufim3
1458 2785 1631 2820 verum
1651 2764 1772 2818 illud
1790 2765 2051 2818 asseverare
2071 2764 2180 2834 pos-

239 2841 346 2892 sum
366 2845 413 2894 in
432 2861 592 2911 angue
611 2843 765 2914 fragili
785 2843 967 2912 vulgari
989 2841 1174 2895 nullam
1196 2842 1409 2912 conspici
1432 2839 1792 2893 similitudinem
1807 2844 1945 2892 uteri.
1984 2841 2178 2909 Aperto

239 2918 374 2968 enim
400 2916 666 2973 abdomine
687 2918 898 2972 feminae
919 2917 1145 2987 gravidae
1173 2920 1398 2970 ovarium
1431 2912 1822 2987 ovidudlumque
1843 2912 2055 2968 foetibus
2077 2911 2183 2983 ple-

237 3008 362 3043 num
398 2997 580 3062 reperi,
624 2998 885 3065 peritoneo
914 3008 967 3046 ut
1003 2997 1053 3045 in
1082 2991 1281 3064 reliquis
1313 2990 1500 3044 lacertis
1535 2988 1790 3043 inclusum.
1864 2994 2181 3041 Lacertaruin

237 3068 373 3117 enim
403 3067 463 3119 ad
494 3069 722 3122 ordinem
757 3073 997 3139 pertinere
1026 3085 1242 3136 anguem
1271 3064 1522 3133 fragilem,
1569 3071 1853 3135 quanquam
1882 3063 2072 3133 pedum
2094 3063 2181 3115 usu

237 3155 513 3207 carentem,
544 3163 645 3200 non
666 3143 828 3200 solum
846 3157 1067 3198 accurata
1093 3142 1464 3207 intestinorum,
1502 3140 1744 3196 viscerum
1765 3152 1813 3193 et
1832 3141 1956 3195 uteri
1978 3153 2182 3207 compa-

1193 3219 1223 3268 S
1237 3234 1260 3271 S
2034 3214 2179 3275 satio,
