2571 3775
443 335 548 384 114
1230 328 1521 378 ·“·-“ῗ“’“

441 445 581 499 undis
595 482 609 507 ,
642 458 788 517 atque
811 462 982 499 recens
1004 448 1098 499 orti
1115 443 1286 497 lumen
1309 444 1561 514 conspexit
1582 445 1700 505 Eoi‚'
1719 440 1922 513 pallidus
1945 437 2168 495 extindlo
2189 439 2323 495 tabe-

441 520 531 572 scit
554 520 794 587 Cynthius
836 519 985 582 orbe,
1044 538 1138 572 nec
1177 519 1343 572 lucem
1376 521 1591 572 attonitis
1623 514 1781 569 fundit
1811 515 2099 571 mortalibus
2127 515 2321 570 almam.

441 593 557 646 Vidi
588 613 682 662 ego
696 632 709 656 ,
750 614 905 667 quum
926 592 1043 646 nulli
1063 593 1319 647 volitarent
1343 610 1452 659 aere
1472 595 1631 653 venti,
1674 606 1820 662 atque
1842 591 2046 643 obscura
2068 593 2203 642 novo
2225 586 2324 641 cesL

444 667 600 723 fiss‘ent
621 667 783 721 nubila
802 667 914 729 soli,
952 668 1099 720 ardua
1137 662 1412 720 turbinibus
1438 665 1612 719 mundi
1644 683 1864 717 convexa
1899 664 2087 717 sonoris
2121 662 2324 734 impelli,

446 756 494 794 et
518 739 699 795 crebris
719 741 874 795 nubes
895 739 1159 809 fulgescere
1181 744 1406 794 fiammis.
1483 741 1564 792 Ac
1583 741 1919 808 tempestatem
1938 757 2060 792 mox
2081 737 2323 791 advenisse

443 817 686 878 serenam,
734 811 997 886 postquam
1029 814 1113 866 sub
1136 814 1295 884 pelagi
1324 812 1502 866 flud‘ius
1531 812 1660 866 ferus
1691 811 1767 863 ille
1798 810 1987 878 refugit.
2097 816 2326 882 Nuperus

445 890 607 942 editor
632 893 778 943 miras
815 889 875 940 ad
898 888 1031 941 hunc
1059 887 1229 942 locum
1256 891 1459 957 ineptias
1487 891 1610 954 egit3
1653 885 1734 937 sed
1766 884 1844 937 ille
1879 890 1928 937 in
1959 903 2125 937 rerum
2156 901 2322 939 natura

446 963 621 1032 hospes
642 956 756 1016 erat.
833 967 1083 1015 Praeterea
1102 962 1374 1015 meminiffe
1397 974 1598 1030 oportet
1620 958 1860 1012 letiorem
1884 958 2189 1030 tempestates
2219 977 2326 1013 mu-

445 1034 558 1090 tari
581 1042 631 1089 in
653 1035 830 1091 Pliwio
855 1036 946 1089 effe
968 1037 1028 1089 ad
1047 1037 1354 1088 serenitatem
1377 1035 1553 1097 redire,
1584 1048 1636 1086 ut
1660 1047 1849 1104 praeter
1883 1033 2022 1101 hunc¹
2044 1032 2214 1086 locum
2236 1035 2326 1089 do-

447 1124 564 1180 cent
582 1115 729 1164 etiam
751 1114 1006 1180 scriptores
1028 1109 1219 1162 barbari
1243 1110 1304 1161 de
1324 1107 1584 1176 milvagine
1606 1109 1744 1176 supra
1771 1106 1966 1159 laudati.

600 1182 769 1239 Plinii
791 1185 1107 1237 hirundinem
1133 1183 1226 1237 effe
1253 1189 1569 1236 Exocoetum
1588 1182 1875 1235 volitantem
1898 1199 1961 1233 ex
1985 1180 2149 1234 volatu
2169 1182 2327 1251 pisciS,

448 1258 663 1313 summas
693 1277 839 1330 aquas
872 1257 1091 1327 legente,
1154 1257 1335 1311 caudae
1364 1260 1528 1326 pinnis
1565 1260 1756 1308 interim
1788 1254 2031 1325 expanfis,
2081 1269 2130 1308 et
2160 1255 2330 1309 colore

449 1332 578 1401 dorfi
608 1337 748 1401 nigro
779 1332 1059 1386 abdominis
1090 1331 1227 1394 albo,
1284 1331 1435 1403 qualis
1466 1335 1515 1382 in
1546 1329 1807 1383 hirundine
1842 1331 2050 1382 terrestri
2077 1348 2138 1382 ex
2162 1333 2328 1382 avium

449 1424 632 1474 gen-ere
653 1409 970 1477 conspicitur,
1009 1411 1164 1474 arguit
1187 1404 1393 1459 Brozmz
1421 1403 1698 1474 Philosoph.
1722 1402 2076 1457 Transaftions
2109 1403 2220 1457 Vol.
2241 1411 2328 1462 68.

448 1498 494 1551 p.
526 1500 647 1550 799.
682 1485 766 1553 qui
800 1482 984 1550 piscem
1014 1485 1212 1549 egregie
1245 1483 1399 1551 pinxit
1441 1476 1536 1531 tab.
1574 1495 1653 1531 12.
1705 1477 2140 1551 musculorumque
2183 1476 2328 1531 fabri·
2359 1544 2362 1548 Δ

451 1572 562 1606 carn
583 1553 708 1607 bene
735 1554 983 1625 explicuit.
1806 1592 1808 1594 »

551 1695 553 1698 Α
601 1633 770 1697 Quem
809 1625 1069 1682 Limmeus
1099 1626 1158 1680 ab
1187 1627 1286 1682 hoc
1333 1627 1552 1682 distinxit
1599 1630 1804 1680 nomine
1846 1624 2125 1681 evolitantis
2154 1623 2328 1680 dubito

451 1717 512 1754 an
530 1700 655 1755 ullus
675 1702 757 1765 fit,
794 1717 842 1755 et
866 1703 1055 1755 videtur
1080 1703 1178 1772 ipse
1201 1699 1462 1756 Liaznaeus
1482 1702 1543 1754 de
1568 1701 1834 1755 diverfitate
1854 1700 2103 1754 dubitasse.
2191 1704 2329 1756 Con-

449 1787 521 1828 tra
545 1776 673 1845 apud
696 1778 1042 1830 amicisfimum
1061 1773 1328 1829 Blocllium
1349 1778 1534 1845 inspexi
1556 1777 1738 1845 piscem
1759 1775 1903 1845 plane
1924 1780 2179 1843 geminum
2203 1778 2331 1842 ejus-

449 1849 567 1903 dem
596 1855 812 1918 generis;
846 1852 927 1903 sed
954 1855 993 1904 is
1021 1853 1181 1920 pinnis
1216 1849 1512 1903 ventralibus
1531 1848 1640 1920 plus
1665 1867 1812 1922 quam
1836 1849 1990 1919 duplo
2024 1848 2329 1918 longioribus

448 1937 506 1976 et‘
527 1924 792 1984 maioribus
826 1925 1012 1987 differt,
1054 1942 1178 1996 quae
1202 1928 1250 1977 in
1269 1939 1436 1977 ventre
1459 1924 1628 1977 medio
1650 1922 1832 1993 pofitae
1857 1938 1903 1976 et
1924 1942 2020 1977 ano
2040 1923 2200 1977 multo
2226 1942 2331 1977 ma-

451 2000 524 2064 gis
554 2003 859 2071 propinquae
884 2000 1016 2060 sunt,
1045 2016 1194 2070 quam
1215 2002 1266 2050 in
1291 1998 1550 2060 volitante,
1582 1996 1665 2050 ubi
1686 2001 1906 2067 primam*
1930 2003 2112 2051 ventris
2135 2003 2329 2051 tertiam

450 2086 641 2141 partem
679 2072 739 2125 ab
775 2092 870 2126 ano
903 2076 1062 2141 magis
1092 2087 1310 2126 remotae
1345 2087 1394 2125 et
1429 2076 1645 2124 minutae
1674 2086 1934 2142 occupant.
2009 2074 2190 2126 Radios
2221 2076 2327 2143 pin-

451 2150 540 2198 nae
563 2149 760 2212 majoris
784 2147 1004 2200 ventralis
1037 2148 1118 2199 sex
1139 2150 1390 2199 numeravi
1423 2165 1539 2198 cum
1566 2142 1795 2199 Bloclzio.
1873 2150 2122 2200 Praeterea
2156 2147 2329 2200 maxil-

450 2219 550 2272 lam
581 2235 837 2291 utramque
866 2221 946 2273 hic
978 2220 1095 2273 alter
1123 2219 1348 2273 dentibus
1378 2223 1581 2272 minutis
1614 2234 1664 2272 et
1700 2219 1928 2272 tenuibus
1963 2221 2202 2289 asperam,
2239 2241 2329 2276 vo-

452 2292 591 2346 litans
626 2293 787 2348 nullos
816 2294 957 2364 plane
989 2295 1159 2346 dentes
1190 2295 1480 2363 conspicuos
1508 2292 1676 2356 habet,
1739 2297 1937 2366 orisque
1969 2309 2190 2364 apertura
2218 2294 2328 2348 lon-¹

449 2371 589 2434 giore
613 2368 792 2420 differt.
870 2371 1106 2438 Corporis
1128 2365 1329 2420 inferior
1354 2385 1458 2437 pars
1479 2385 1635 2438 usque
1655 2366 1715 2419 ad
1726 2370 1924 2436 pinnam
1938 2367 2127 2421 analem
2147 2370 2330 2423 eodem

452 2440 611 2493 modo
643 2455 696 2493 ut
726 2445 775 2493 in
798 2440 1027 2495 Volitante
1056 2442 1195 2511 plana
1218 2442 1298 2494 seu
1320 2445 1547 2512 utrinque
1573 2445 1777 2493 carinata
1798 2458 2018 2512 apparet,
2054 2462 2157 2497 non
2184 2459 2329 2508 tereS,

455 2518 508 2566 ut
530 2514 591 2567 de
614 2514 835 2568 evolante
854 2516 1099 2585 praedicat
1120 2512 1391 2570 Limmeus.
1476 2519 1624 2567 Hunc
1650 2519 1844 2568 interim
1875 2536 1964 2587 pro
1998 2518 2224 2571 evolante
2254 2538 2330 2572 re-

455 2591 618 2657 cipere
643 2588 836 2651 malim,
875 2590 1035 2642 donec
1060 2593 1333 2642 accuratior
1353 2593 1642 2642 interiorum
1666 2594 1879 2658 partium
1907 2593 2209 2660 investigatio
2242 2593 2330 2646 cle-

451 2664 814 2725 monstraverit,
866 2664 1005 2717 sexus
1029 2682 1090 2716 an
1111 2664 1288 2732 speciei
1311 2667 1509 2716 varietas
1530 2663 1580 2715 fit
1603 2681 1690 2724 ea,
1730 2682 1878 2734 quam
1905 2670 2148 2718 annotavi.
2222 2670 2330 2720 No-

452 2739 552 2788 titia
590 2741 821 2790 exocoeti
849 2737 909 2790 ab
938 2736 1160 2791 Arteriio
1191 2735 1340 2807 pofita
1368 2741 1416 2789 in
1449 2733 1718 2809 Speciebus
1750 2737 1883 2791 hunc
1921 2740 2139 2792 nostrum
2171 2745 2328 2809 magis

451 2827 601 2881 quam
622 2809 828 2864 alterum
849 2813 1080 2882 respicere
1103 2811 1306 2865 videtur.
2168 2874 2172 2877 μ

514 2891 517 2894 “
600 2885 685 2937 Ad
729 2885 980 2954 triglarum
1015 2905 1170 2954 genus
1207 2888 1416 2955 pertinet
1454 2887 1600 2936 etiam
1638 2884 1777 2953 piscis
1815 2889 1961 2940 maris
1993 2886 2243 2942 Flandriae
2278 2903 2330 2943 et

455 2959 775 3021 Germaniae,
810 2979 960 3032 quem
981 2959 1066 3013 sub
1088 2963 1289 3013 nomine
1323 2954 1469 3011 Aslec
1498 2957 1573 3010 vel
1608 2957 1750 3010 Allec
1785 2963 2138 3015 accuratissime
2169 2964 2327 3034 inspe-

453 3034 524 3081 xit
544 3046 593 3084 et
612 3033 832 3103 depinxit
851 3031 1095 3088 Albemfus
1119 3037 1245 3088 xiv.
1269 3052 1314 3101 p.
1335 3051 1393 3096 15
1413 3051 1452 3092 3.
1466 3050 1505 3084 a.
1542 3045 1686 3102 atque
1700 3035 1875 3084 iterum
1895 3039 2068 3088 XXIV.
2085 3055 2131 3104 p.
2147 3055 2266 3101 240.
2280 3037 2328 3091 b.

452 3105 548 3157 Sed
567 3110 606 3158 is
626 3111 828 3162 unicum
850 3113 1077 3183 utrinque
1098 3109 1308 3177 digitum
1331 3120 1378 3160 et
1400 3105 1488 3160 alia
1508 3120 1754 3178 praeterea
1782 3105 2033 3176 singularia
2064 3125 2326 3174 memorat,

2200 3203 2327 3258 quae
