2571 3775
231 2746 271 2789 P·
322 2764 353 2794 t.

291 2761 312 2847 Τ
343 2839 353 2850 -
434 2806 733 2859 nunciando.
818 2802 1112 2874 Aristoteles
1136 2811 1197 2858 H.
1220 2807 1283 2858 A.
1321 2810 1352 2858 Ι.
1393 2826 1429 2858 r.
1476 2810 1600 2860 inter
1638 2809 1788 2878 pisces
1817 2809 2043 2862 societate
2076 2825 2124 2863 et
2156 2830 2307 2880 grege

423 316 492 366 66
1025 342 1028 343 ν
1212 321 1502 344 -··-··

421 441 718 494 lacertorum
739 451 915 505 genera
946 438 1069 489 inter
1102 439 1319 488 marinos
1346 434 1499 505 pisces
1519 433 1760 495 recenset3
1804 448 1853 486 et
1884 432 2069 487 ibidem
2084 432 2305 488 ,Coliam

420 515 514 570 five
537 517 809 574 Parianum,
839 510 932 564 five
960 514 1242 564 Sexitanum
1265 527 1291 562 a
1311 513 1460 579 patria
1487 512 1696 571 Baetica,
1727 508 2022 562 lacertorum
2044 512 2300 571 ιῃίηἰηιοε,

424 588 485 643 ab
509 592 565 640 iis
595 590 870 641 Maeoticos
894 585 1066 638 laudat.
1153 587 1468 651 Byzantiacos
1497 583 1704 636 lacertos
1738 583 1885 636 habet
1914 581 2118 637 Statius
2150 583 2299 636 Silva-

426 681 539 716 rum
557 666 633 714 IV.
656 681 703 726 9.
778 655 1052 713 Martialis
1071 663 1166 710 VII.
1203 661 1364 727 Epigr.
1386 657 1473 722 77'.
1522 661 1735 710 Sexitani
1766 658 1972 710 caudam
2005 657 2169 710 lacerti
2206 676 2300 710 no-

427 740 594 791 minat.
667 734 804 786 Idem
834 738 913 785 XI.
949 750 1029 797 53.
1075 751 1198 786 mox
1236 745 1377 785 vetus
1410 746 1459 784 et
1496 735 1631 786 tenui
1673 733 1832 796 major
1866 731 2062 797 cordyla
2100 731 2298 786 lacerto.

424 807 706 882 Oppianus
732 809 764 858 Ι.
795 826 879 872 99.
908 825 1083 875 greges
1112 805 1457 858 trachurorum
1496 810 1547 858 in
1580 803 1801 859 litoribus
1829 803 2098 858 humilibus
2124 824 2172 858 et
2195 822 2300 860 are-

424 883 552 939 nofis
586 883 765 950 degere
801 884 955 942 canit,
1014 881 1206 933 faurum
1247 893 1417 933 contra
1455 881 1593 933 versu
1644 897 1758 937 [ος.
1805 881 1855 930 in
1887 880 2022 932 vadis
2061 880 2305 935 coenosis.-

429 956 623 1010 Scholia
646 973 817 1024 graeca
839 955 900 1007 ad
920 951 1157 1026 Oppiani
1172 954 1362 1007 versum
1384 973 1468 1019 99.
1504 952 1759 1006 trachuros
1779 951 1953 1006 fimiles
1976 952 2300 1023 pelamidibus

428 1030 591 1085 faciut.
665 1027 901 1083 Aelianus
921 1034 1020 1080 XII.
1047 1047 1074 1080 2
1089 1047 1131 1091 ς.
1168 1032 1313 1081 maris
1334 1026 1466 1080 rubri
1485 1029 1677 1080 [aurum
1701 1045 1818 1079 cum
1842 1026 2025 1095 vulgari
2052 1043 2304 1097 comparat

431 1105 660 1178 quidem,
706 1103 788 1157 sed
807 1102 867 1155 de
894 1103 1101 1171 vulgaris
1129 1100 1287 1156 forma
1311 1101 1428 1155 nihil
1457 1102 1571 1155 inde
1605 1103 1804 1156 constat.
1895 1101 2034 1154 Idem
2061 1106 2180 1153 XIII.
2219 1119 2301 1167 27.

433 1181 495 1233 de
514 1178 725 1231 trachuri
752 1176 904 1230 cauda
925 1181 1125 1247 ineptias
1149 1176 1304 1229 tradit.
1358 1181 1534 1230 Sauros
1557 1172 2070 1229 nominatffilarcellus
2087 1176 2204 1229 vers]
2223 1195 2244 1238 3
2258 1195 2302 1242 3.

432 1269 481 1307 et
503 1252 565 1307 fel
584 1253 704 1305 sauri
725 1256 772 1304 in
795 1251 1047 1305 medicina»
1063 1251 1198 1303 versu
1225 1269 1310 1314 91.
1407 1248 1731 1304 Xenocrates
1761 1249 1821 1302 de
1844 1249 2102 1304 Alimento
2131 1269 2233 1321 cap.
2257 1270 2306 1315 7.

432 1328 685 1382 trachuros
710 1345 825 1378 cum
845 1324 999 1388 boce‚
1038 1325 1187 1377 iulide
1215 1339 1262 1377 et
1283 1324 1471 1377 channa
1495 1328 1718 1378 nominat
1746 1328 1870 1377 inter
1902 1325 2052 1394 pisces
2084 1326 2308 1394 sartagini

432 1417 598 1472 apt05‚
636 1401 970 1472 admonetque
991 1392 1055 1452 ab
1070 1399 1170 1452 aliis
1190 1399 1353 1452 sauros
1378 1398 1487 1452 dici.
1575 1395 1798 1452 Galenus
1820 1402 1966 1451 etiam
1986 1399 2048 1451 de
2065 1399 2303 1452 Alii-nent.

430 1474 609 1530 facult.
641 1479 712 1526 111.
749 1476 912 1527 sauros
953 1488 1001 1527 et
1049 1473 1302 1527 trachuros
1342 1473 1615 1541 distinguit,
1681 1472 1775 1525 hos
1817 1474 1967 1525 durae
2007 1473 2101 1526 effe
2145 1478 2302 1527 carnis

433 1567 658 1604 monens.
749 1542 1005 1615 'ssartagini
1050 1562 1218 1618 aptum
1257 1548 1437 1618 piscem
1465 1552 1620 1616 arguit
1654 1550 1801 1599 etiam
1831 1546 1972 1600 locus
2001 1545 2305 1602 Martialis:

432 1622 556 1677 se6³ta
586 1621 894 1693 coronabunt
927 1636 1112 1676 rutatos
1140 1639 1232 1676 ova
1261 1622 1481 1674 lacertos.
1567 1620 1701 1673 Alibi
1724 1636 1925 1674 tenuem
1956 1622 2191 1675 lacertum
2223 1642 2308 1694 ap-

432 1697 588 1769 pellat.
665 1695 947 1749 Salsamenta
972 1714 1175 1769 quoque
1197 1697 1302 1748 fieri
1324 1696 1457 1766 poffe
1494 1713 1522 1748 e
1541 1694 1725 1749 lacerto
1748 1696 1983 1748 admonet
2004 1693 2172 1768 Celsus
2197 1716 2304 1749 me-

434 1772 586 1824 dicus.
661 1770 894 1823 Turdum
921 1788 1121 1841 quoque
1140 1771 1261 1823 sauri
1295 1788 1483 1822 nomen
1515 1768 1690 1821 alicubi
1718 1768 1931 1822 habuisse
1961 1788 2023 1823 ex
2051 1775 2305 1834 Panorate‚

433 1846 660 1906 Arcade,
690 1842 833 1897 refert
856 1843 1150 1898 Athenaeus.
1237 1848 1379 1912 Quae
1403 1839 1685 1915 Hesychius
1705 1842 1851 1896 habet
1872 1844 2081 1896 trachuri
2105 1850 2308 1898 nomina

434 1915 786 1996 Σισόρβακος,
848 1918 1121 1987 Σκίθοικος
1159 1932 1241 1970 aut
1276 1917 1609 1994 Σκίθαρκος,
1657 1917 1805 1970 hodie
1834 1936 1936 1970 non
1962 1918 2308 1987 intelligimus3

434 1993 550 2045 nihil
575 1997 720 2060 igitur
739 2010 801 2044 ex
817 1996 872 2044 iis
898 1991 1009 2044 licet
1025 2009 1244 2059 arguere.
1318 1988 1582 2045 Bellowius
1601 1995 1786 2061 primus
1807 1991 2091 2045 scombrum
2112 1993 2307 2046 trachu-

432 2084 544 2118 rum
585 2062 799 2120 Lz'nnaei
829 2083 946 2117 cum
976 2066 1205 2119 trachuro
1241 2079 1463 2118 veterum
1504 2067 1806 2135 composuit3
1868 2085 1978 2118 eam
2024 2068 2309 2121 sententiam

433 2141 696 2194 confirmat
720 2138 860 2193 locus
887 2139 1175 2193 Scholiastae
1197 2143 1357 2208 graeci
1391 2143 1440 2191 in
1473 2136 1799 2210 Oppianum,
1843 2140 1900 2207 (fi
1934 2159 2028 2213 qua
2062 2143 2185 2196 fides
2215 2143 2309 2197 effe

432 2217 589 2284 potest
607 2214 830 2276 homini,
870 2216 1006 2277 cujus
1026 2228 1073 2266 et
1093 2233 1279 2267 nomen
1299 2228 1348 2266 et
1370 2227 1579 2266 aetatem
1598 2217 1909 2280 ignoramus)
1935 2230 1983 2268 et
2003 2217 2310 2272 consuetudo

434 2289 671 2342 hodierna
692 2290 1108 2358 Graecoruquui
1133 2285 1285 2340 Linn.
1318 2287 1599 2340 trachurum
1621 2287 1891 2364 σταυριδία
1921 2289 2160 2359 appellant
2190 2294 2308 2345 teste

433 2359 492 2416 F
488 2360 588 2433 ors
583 2358 666 2414 kb'l
692 2361 923 2430 Descript.
948 2380 991 2431 p.
1013 2366 1137 2413 XIV.
1194 2362 1442 2414 Trachuri
1468 2379 1655 2414 nomen
1680 2380 1780 2415 non
1798 2367 1960 2432 inepte
1980 2363 2192 2434 pofitum
2214 2366 2307 2420 effe

434 2433 647 2489 scombri
674 2435 847 2504 speciei
875 2439 1154 2488 Linneanae
1178 2450 1402 2505 apparet3
1453 2435 1534 2486 sed
1565 2434 1849 2509 relinquitur
1868 2438 1987 2490 sauri
2008 2458 2194 2493 nomen
2217 2441 2309 2493 du·-

436 2509 575 2575 bium
596 2509 731 2581 quod
752 2509 995 2562 diversum
1014 2513 1161 2562 etiam
1182 2511 1362 2579 piscem
1383 2508 1688 2578 significavit,
1733 2525 1782 2563 et
1806 2531 1922 2564 cum
1955 2513 2187 2568 scombro
2218 2513 2307 2568 fuit

436 2588 890 2646 communicatum3
941 2598 1137 2653 propter
1173 2582 1362 2638 formae
1396 2602 1457 2637 an
1488 2582 1668 2637 coloris
1698 2584 1912 2657 aliquam
1942 2587 2306 2644 fimssitudinem

436 2676 551 2710 cum
575 2657 889 2730 quadrupede
909 2656 1094 2710 lacerta.
1653 2700 1657 2703 .

582 2737 739 2805 Αμῖοι.
780 2733 928 2784 Amia
964 2733 1044 2784 seu
1078 2736 1241 2802 potius
1269 2735 1470 2794 Hermia,
1496 2736 1625 2806 quia
1657 2734 1896 2803 asperatur
1924 2735 2085 2805 spiritu
2115 2740 2165 2789 in
2193 2755 2307 2807 pro-

435 2880 699 2947 gaudentes
721 2895 943 2932 numerat
965 2899 1140 2934 omnes
1167 2899 1254 2934 eos
1271 2900 1399 2952 quos
1424 2882 1643 2935 cursores
1663 2881 1887 2953 appellari
1902 2887 1965 2935 ait
1989 2882 2308 2959 (δρομάδας)

436 2944 584 3007 ffluti
608 2955 873 3020 thynnum,
913 2954 1210 3022 pelamidem
1230 2969 1281 3008 et
1303 2954 1531 3007 hamiam.
1614 2960 1666 3008 II.
1715 2978 1789 3017 ις.
1834 2961 2008 3011 Hamia
2038 2959 2159 3012 sellis
2189 2960 2308 3014 vefi-

437 3044 546 3079 cam
565 3030 788 3081 intestino
807 3046 954 3099 quam
980 3028 1187 3097 longum
1208 3031 1275 3082 est
1295 3031 1552 3099 appensam
1576 3033 1723 3096 gerit,
1776 3033 1912 3103 stiepe
1937 3037 2082 3085 etiam
2104 3036 2308 3104 replica-

434 3113 550 3155 tam.
632 3102 769 3155 Idem
796 3107 968 3172 repetit
1001 3103 1063 3157 de
1086 3102 1302 3159 Partibus
1325 3104 1538 3169 Animal.
1559 3105 1635 3168 IV.
1669 3122 1770 3177 cap.
1795 3123 1839 3158 2.
1932 3108 2168 3164 Piscesin
2203 3109 2307 3163 esca

2201 3179 2304 3238 fere
