2571 3775
1079 390 1367 416 ω-
2080 389 2188 449 29¹*

241 514 525 572 reviviscere
548 510 866 572 videbantur,
907 507 989 562 sed
1009 506 1158 580 paulo
1179 509 1287 578 post
1309 504 1657 562 moriebantur.
1708 508 1902 564 Notum
1926 509 2009 572 est,
2044 511 2186 567 usum

244 591 390 646 calcis
423 587 647 643 adhiberi
675 586 736 639 ad
764 583 1032 654 capiendos
1062 582 1289 635 lacustres
1316 583 1496 651 pisces;
1536 597 1682 654 atque
1712 583 1953 651 anguillae
1982 586 2187 656 quidem

241 669 294 720 in
343 668 456 717 rivis
505 659 692 715 vadosis
730 657 871 712 facile
909 671 1145 712 necantur
1186 654 1374 723 injectis
1413 656 1626 711 calcariis
1666 656 1918 728 lapidibus.
2014 658 2185 713 Plures

244 743 395 794 etiam
424 734 675 789 eiusmodi
705 733 916 805 piscandi
953 733 1135 786 modos
1173 731 1255 784 seu
1298 732 1454 801 pestes
1482 735 1648 802 potius
1676 735 1931 800 ingenium
1965 730 2185 788 hominis

244 814 568 879 excogitavit,
601 808 780 880 quibus
814 826 969 877 genus
997 805 1190 860 natatile
1217 823 1304 876 per
1335 806 1485 876 ipsam
1519 807 1884 877 respirationem
1912 820 2108 876 caperet
2137 820 2186 861 et

242 891 518 959 perimeret.
593 888 647 935 111
675 883 811 936 India
843 896 1047 954 utraque
1077 881 1353 951 plantarum
1382 879 1569 951 aliquot
1599 881 1772 933 succos
1800 880 1862 932 ad
1893 898 2010 933 eum
2045 882 2187 936 usum

240 960 464 1020 trahunt3
504 962 554 1011 in
575 957 731 1013 Gallia
761 955 1073 1010 meridionali
1102 953 1335 1008 adhibent
1356 954 1560 1007 succum
1596 953 1901 1024 euphorbiae
1930 953 2186 1010 characia'e

240 1038 472 1096 Linnaei‚
508 1037 558 1086 in
589 1031 712 1086 locis
740 1031 937 1085 incultis
969 1029 1377 1102 frequentiffimae
1388 1048 1403 1089 3
1469 1043 1552 1083 aut
1580 1027 1742 1084 caules
1774 1028 1995 1082 concisos
2025 1047 2182 1102 aquae

241 1113 488 1176 injiciunt,
529 1125 632 1178 quo
653 1105 782 1160 facio
804 1105 948 1159 multi
969 1106 1119 1176 pisces
1143 1106 1334 1157 mortui
1357 1116 1566 1156 enatant.
1643 1106 1828 1155 Succus
1847 1120 1968 1157 vero
1991 1102 2186 1172 plantae

241 1182 424 1241 lacteus
454 1181 604 1249 longe
632 1180 823 1252 lateque
856 1198 942 1251 per
971 1197 1212 1252 aquarum
1243 1177 1556 1246 superficiem
1596 1176 1897 1246 expanditur.
2013 1177 2185 1244 (Idem

239 1257 432 1330 plantae
455 1274 611 1324 genus
632 1269 820 1309 veteres
837 1253 1146 1321 tithymalum
1170 1252 1416 1312 dixerunt,
1451 1250 1513 1304 de
1533 1268 1635 1321 quo
1653 1250 1762 1304 loca
1783 1252 2078 1320 scriptorum
2100 1270 2186 1305 an-

241 1335 436 1393 notavi,
476 1329 560 1382 ubi
588 1329 804 1399 plurium
834 1333 981 1383 etiam
1009 1326 1275 1385 herbarum
1308 1325 1438 1378 succi
1466 1323 1676 1394 piscibus
1710 1324 1875 1378 letales
1909 1324 2184 1391 traduntur,

239 1425 368 1480 quos
390 1403 583 1458 foi-taffe
602 1408 847 1460 recentior
871 1416 1000 1459 aetas
1021 1401 1248 1455 nondum
1264 1413 1462 1469 experta
1484 1400 1564 1451 est.
1641 1399 1797 1453 Addo
1818 1417 1950 1452 nunc
1972 1402 2184 1471 Campa-

242 1485 351 1535 niae
373 1483 630 1537 inventum
650 1495 676 1531 a
696 1475 873 1534 Plinio
895 1489 1229 1533 memoratum
1251 1479 1407 1527 XXV.
1425 1471 1534 1526 sest
1552 1489 1632 1536 54.
1672 1474 1938 1527 Piscatores
1965 1474 2183 1531 radicem

241 1553 581 1612 aristolochiae
611 1552 852 1608 rotundae
881 1552 1136 1604 contufiim
1165 1552 1390 1601 immixta
1418 1546 1550 1600 calce
1583 1565 1754 1601 coram
1790 1546 1945 1601 Plinio
1974 1552 2024 1600 in
2044 1567 2182 1602 mare

238 1630 531 1699 sparserunt3
570 1629 727 1683 statim
755 1624 1047 1685 advolabant
1071 1626 1224 1696 pisces
1259 1621 1524 1695 cupiditate
1552 1623 1701 1684 mira,
1736 1622 1994 1695 statimque
2014 1627 2181 1678 exani-

235 1709 362 1761 mati
382 1702 677 1768 fluitabant.)

386 1780 618 1848 Denique
638 1780 687 1829 in
709 1774 890 1831 eodem
911 1778 1140 1845 Scriptor.
1161 1771 1316 1826 Acad.
1330 1770 1467 1824 Paris
1479 1773 1656 1823 Tomo
1675 1769 1955 1839 spermatica
1976 1770 2182 1839 piscium

238 1852 347 1909 vasa
379 1850 514 1905 brevi
548 1855 971 1906 commentatione
1001 1850 1277 1918 persecutus
1310 1847 1377 1899 est
1398 1844 1472 1899 Cl.
1495 1841 1830 1917 Brouſjbnet,
1869 1862 1929 1896 ex
1950 1862 2043 1915 qua
2077 1843 2182 1897 col-

243 1925 390 1981 leelas
414 1925 778 1979 observationes
809 1928 1089 1994 praecipuas
1118 1922 1218 1974 huc
1245 1924 1367 1972 item
1399 1917 1633 1980 referam,
1673 1936 1736 1971 ne
1758 1917 1877 1988 quid
1897 1918 1957 1971 ad
1981 1918 2182 1973 circula-

241 2003 390 2058 tionis
419 2000 661 2066 sanguinis
690 1999 897 2068 piscium
927 1998 1181 2050 historiam
1209 1993 1367 2047 deesse
1394 1993 1632 2045 videatur.
1728 1996 1866 2044 Haec
1898 1996 2042 2060 igitur
2074 1994 2180 2047 vala

241 2092 334 2145 pro
355 2076 548 2127 ratione
571 2075 792 2143 corporis
811 2070 971 2125 multo
995 2073 1179 2135 majora
1201 2069 1308 2123 sunt
1327 2084 1478 2140 quam
1498 2070 1548 2119 in
1571 2065 1766 2138 reliquis
1785 2065 2095 2130 animalibuS,
2127 2082 2179 2121 ut

241 2149 340 2218 ipsa
398 2147 625 2216 genitalia
680 2145 901 2200 membra
963 2143 1286 2217 amplitudine
1347 2139 1608 2212 excellunt.
1739 2142 1900 2208 Origo
1955 2142 2182 2198 vasorum

240 2227 293 2278 in
312 2221 558 2293 plerisque
589 2220 821 2276 omnibus
856 2220 1032 2273 eadem
1067 2221 1162 2281 cst,
1199 2231 1282 2270 aut
1310 2215 1568 2269 leviffimas
1597 2214 1753 2268 modo
1785 2219 2076 2270 variationes
2098 2216 2182 2268 ad-

241 2300 405 2350 mittit.
482 2301 534 2347 In
556 2297 698 2349 esoce
721 2294 928 2355 belone,
965 2297 1196 2348 omnium
1215 2292 1487 2360 saepiffiv-sz
1516 2289 1577 2343 ab
1597 2287 1797 2343 auclore
1817 2289 2058 2360 inspeciO,
2099 2290 2183 2345 hic

243 2371 471 2423 vasorum
501 2370 668 2424 cursus
701 2370 782 2422 est.
895 2369 1086 2421 Arteria
1121 2368 1400 2436 spermatica
1466 2378 1594 2417 extra
1625 2367 1781 2417 oritur
1811 2362 1870 2417 ab
1907 2370 2075 2432 arteria
2107 2384 2182 2428 ea,

243 2461 395 2515 quam
415 2458 548 2498 aorta
569 2447 718 2496 mittit
737 2446 967 2509 jecinori3
996 2441 1244 2495 interdum
1265 2454 1431 2492 tamen
1450 2457 1513 2491 ex
1533 2439 1635 2509 ipso
1660 2453 1823 2492 aortae
1846 2453 2023 2494 trunco
2047 2440 2182 2510 paul-

244 2518 348 2571 lum
379 2516 500 2571 infra
523 2519 797 2588 hepaticam
820 2520 991 2570 oritur.
1068 2517 1255 2567 Sinistra
1292 2513 1487 2566 brevior
1515 2532 1542 2566 a
1574 2512 1786 2584 splenica
1815 2518 1985 2567 arteria
2013 2518 2181 2574 oritur.

244 2595 469 2665 Utraque
489 2594 647 2645 statim
666 2609 845 2643 venam
869 2591 1003 2644 suam
1024 2589 1282 2643 consecuta
1310 2591 1575 2640 comitatur
1604 2590 1663 2640 ad
1687 2603 1846 2657 partes
1868 2606 2023 2660 usque
2044 2595 2182 2658 geni-

246 2666 395 2730 tale8‚
456 2666 548 2720 tela
579 2665 684 2718 laxa
718 2663 922 2726 inclusa3
984 2667 1154 2717 arteria
1185 2665 1388 2733 propior
1416 2661 1700 2715 columnam
1732 2662 2062 2716 vertebrarum
2098 2664 2183 2717 cle-

244 2746 408 2795 currit.
524 2746 578 2793 In
608 2743 852 2793 anteriore
879 2742 1091 2809 partium
1129 2735 1419 2804 genitalium
1449 2738 1681 2806 portione
1708 2738 1865 2790 statim
1898 2751 2102 2809 utraque
2129 2743 2179 2793 in

244 2834 411 2869 ramos
455 2815 693 2884 gradatim
742 2817 960 2867 minores
1009 2810 1194 2865 multos
1230 2812 1460 2881 spargitur
1494 2824 1640 2881 atque
1682 2814 1911 2865 interiora
1947 2827 2183 2883 penetrat.

246 2892 525 2952 Breviffima
557 2891 960 2960 spermaticorum
996 2888 1220 2940 vasorum
1250 2889 1325 2937 via
1355 2886 1447 2945 est3
1486 2902 1580 2937 nec
1611 2888 1746 2937 enim
1766 2889 1935 2939 vicinis
1963 2886 2181 2956 partibus

245 2962 408 3025 obiter
443 2977 546 3015 tam
583 2962 769 3016 multos
802 2980 967 3016 ramos
1009 2964 1341 3014 transmittunt
1378 2976 1524 3031 quam
1558 2961 1609 3010 in
1650 2957 1847 3030 reliquis
1877 2960 2181 3016 animalibus.

246 3043 412 3091 Venae
424 3038 741 3107 spermaticae
754 3035 913 3090 multo
935 3035 1454 3102 majoressanguinem
1472 3036 1668 3100 nIgrum
1680 3032 1970 3106 plerumque
1983 3035 2183 3091 vehunt.

242 3113 518 3179 Nascuntur
532 3129 594 3164 ex
615 3110 897 3164 ramusculis
917 3107 1223 3165 transversim
1237 3121 1502 3178 utrumque
1518 3110 1732 3177 partium
1754 3108 2041 3175 genitalium
2060 3110 2185 3166 latus

242 3184 632 3261 perreptantibus
664 3184 916 3258 permultis
941 3199 992 3240 et
1015 3188 1069 3239 in
1089 3201 1269 3238 venam
1289 3199 1439 3237 unam
1461 3180 1781 3247 coeuntibus,
1820 3200 1947 3256 quae
1971 3204 2059 3257 per
2078 3205 2188 3239 me-

410 3280 413 3285 *
1185 3259 1282 3312 Oo
1311 3272 1342 3309 2
2079 3261 2183 3317 dias
