2571 3775
1029 349 1321 371 “““““““““”
2029 349 2135 406 195'

230 486 311 527 tus
346 487 458 525 raro
497 471 734 529 cernitur,
771 465 1009 538 quoniam
1033 459 1297 534 ‘copulatio
1334 471 1513 518 eorum
1544 467 1646 519 cito
1685 464 1982 529 diffolvitur3
2023 469 2131 523 fieri

235 561 400 599 tamen
451 549 641 597 coitum
689 542 870 610 supinis
918 541 1136 592 invicem
1182 535 1402 608 partibus
1454 538 1679 610 appositis
1727 542 1867 609 testes
1910 542 2134 599 oculares

237 622 547 675 confirmant.
927 624 931 628 ·
969 623 973 627 ’
1433 641 1435 644 ⁴
1617 623 1619 625 ·
1737 625 1741 628 ·

375 737 580 788 Tertius
608 732 749 787 locus
776 731 1085 788 breviffimus
1116 734 1184 787 est
1211 735 1274 784 H.
1294 731 1356 798 Α,
1390 735 1463 783 ΠΙ.
1490 747 1571 782 20.
1621 728 1733 792 ubi,
1770 749 1862 801 pro
1891 736 2132 801 genitura,

235 813 421 882 inquit,
471 807 769 880 quibusdam
789 804 1105 868 animalibus,
1141 805 1286 859 veluti
1309 804 1544 876 piscibus,
1593 805 1754 859 insunt
1778 810 1862 877 qui
1891 823 2130 862 vocantur

235 881 411 960 &opoh
434 884 606 936 ‘iidem
632 896 680 936 et
709 885 939 935 mammis
968 895 1018 934 et
1049 878 1170 933 laele
1203 894 1383 933 carent.
1486 884 1631 948 Qae
1657 883 1805 947 igitur
1836 884 1888 933 in
1915 882 2129 951 piscibus
2155 907 2158 909 ·

235 962 433 1011 testium
453 972 502 1011 et
523 956 766 1011 canalium
782 954 1108 1010 deferentium
1137 953 1308 1017 locum
1330 953 1556 1007 obtinent
1574 967 1734 1022 partes
1756 959 1982 1021 geminae
2011 976 2129 1027 pro-
2161 996 2164 1001 -

232 1037 399 1104 prium
427 1030 512 1085 fibi
548 1028 695 1108 3090)
730 1050 918 1085 nomen
964 1028 1170 1091 habent,
1230 1036 1333 1099 quo
1375 1027 1554 1079 deinde
1592 1031 1640 1078 in
1683 1025 2038 1082 molluscorum
2080 1047 2128 1085 et

233 1126 533 1160 can-crorum
559 1123 741 1174 genere
763 1109 911 1159 etiam
941 1107 1090 1157 utitur
1109 1097 1422 1172 Aristoteles.
1495 1103 1658 1155 Latini
1691 1101 1950 1173 scriptores
1977 1100 2130 1160 laHes

235 1199 318 1236 eas
349 1181 596 1234 dixerunt.

382 1315 552 1366 Locus
581 1309 800 1365 clafficus
824 1309 891 1362 est
917 1312 980 1361 H.
1001 1308 1065 1360 Α.
1095 1310 1173 1362 VI.
1203 1324 1265 1359 10
1289 1305 1418 1378 seqq.
1450 1305 1582 1359 unde
1605 1311 1833 1376 excerpta
1861 1323 2048 1376 ponam
2076 1313 2134 1364 ea'

234 1399 426 1441 tantum
466 1385 603 1448 loca,
656 1403 784 1457 quae
813 1384 1018 1454 piscium
1062 1386 1382 1453 ovjparorum
1418 1384 1611 1434 coitum
1647 1394 1698 1433 et
1731 1385 2132 1452 procreationem

237 1459 468 1530 speciant,
509 1461 698 1515 omissis
718 1463 803 1521 iis,
837 1476 963 1530 quae
985 1456 1414 1525 cartilagineorum
1438 1455 1694 1508 historiam
1714 1468 1947 1524 tangunt,
1983 1474 2132 1528 quae-

273 1552 337 1587 ue
366 1538 417 1588 in
442 1538 710 1605 prooemio
740 1533 802 1586 ad
832 1534 1017 1603 species
1049 1530 1477 1600 cartilagineorum
1506 1543 1653 1600 atque
1681 1527 1804 1582 olim
1833 1533 1886 1582 in
1910 1534 2038 1585 notis
2071 1531 2132 1585 ad

307 1625 520 1662 onroum
540 1611 640 1676 jam
656 1609 761 1662 satis
787 1606 1038 1677 explicavi.
1074 1610 1196 1675 Qo
1216 1624 1336 1660 vero
1359 1603 1679 1659 commodius
1699 1603 1941 1670 judicium
1960 1623 2134 1661 meum

236 1682 300 1734 de
321 1681 533 1736 le&i0ne
553 1682 699 1736 dubia
731 1696 779 1735 et
809 1681 954 1735 rebus
976 1680 1277 1751 explicandis
1305 1679 1412 1751 ipfis
1437 1682 1750 1749 interponere
1772 1680 1952 1750 poffim
1968 1717 1983 1743 ,
2025 1698 2134 1734 ora-

234 1760 383 1810 tionis
403 1756 744 1811 Aristotelicae
767 1756 1018 1824 segmenta
1040 1756 1293 1827 separatim
1314 1755 1545 1826 deinceps
1563 1770 1766 1826 ponam,
1797 1757 1955 1828 iisque
1979 1772 2134 1811 anno-

234 1835 445 1887 tationes
466 1831 638 1910 breves
667 1829 970 1901 subjungam.

389 1962 545 2016 Pisces
572 1965 761 2033 ovipari
792 1959 960 2015 vulvas
991 1958 1224 2013 bicornes
1253 1973 1400 2032 atque
1429 1954 1550 2011 infra
1582 1958 1775 2029 septum
1802 1955 1908 2013 fitas
1939 1971 2134 2028 gerunt.

239 2038 413 2093 Ovum
436 2040 667 2091 omnium
684 2037 890 2108 piscium
909 2053 1013 2089 non
1034 2033 1257 2097 bicolor,
1292 2047 1347 2086 ut
1365 2036 1560 2095 avium,
1598 2033 1680 2085 sed
1702 2033 1932 2088 unicolor
1958 2036 2052 2097 est,
2083 2046 2135 2088 et

222 2115 394 2180 “magis
427 2110 594 2165 album
623 2130 774 2183 quam
804 2110 1021 2172 luteum,
1070 2122 1178 2162 tum
1209 2122 1349 2162 antea
1383 2122 1492 2160 tum
1525 2108 1633 2178 post
1666 2126 1781 2160 cum
1808 2106 1973 2162 foetus
1998 2110 2133 2162 inest.

236 2188 419 2240 Differt
447 2191 698 2255 generatio
729 2186 936 2254 piscium
972 2203 1035 2237 ex
1057 2203 1160 2238 ovo
1191 2197 1239 2236 et
1263 2186 1462 2244 avium,
1510 2196 1573 2235 eo
1598 2181 1736 2254 quod
1755 2183 1961 2251 piscium
1978 2202 2136 2237 ovum

237 2274 372 2314 caret
392 2260 544 2315 altero
577 2258 848 2321 umbilico,
887 2257 1068 2326 (canali
1099 2256 1391 2325 umbilicali)
1427 2259 1511 2326 qui
1533 2257 1593 2308 ad
1617 2255 1958 2310 membranam
1990 2260 2137 2311 testae

237 2334 480 2390 subditam
502 2335 684 2395 tendit3
727 2333 936 2387 alterum
967 2337 1103 2386 enim
1134 2345 1354 2395 tantum,
1392 2334 1476 2402 qui
1499 2329 1669 2384 avibus
1704 2331 1765 2383 ad
1788 2330 2010 2388 vitellum
2042 2330 2137 2385 fer-

236 2424 342 2473 tur‚
370 2409 518 2463 habet
538 2422 760 2462 meatum
780 2403 1005 2484 (πόρον).
1070 2409 1338 2461 Caeterum
1361 2404 1497 2458 idem
1518 2419 1655 2459 ortus
1676 2409 1839 2459 avium
1860 2421 1909 2460 et
1930 2408 2135 2477 piscium

238 2503 303 2540 ex
335 2503 436 2539 ovo
465 2486 545 2537 est.
628 2488 693 2535 .In
722 2483 919 2536 summo
953 2484 1091 2534 enim
1120 2500 1222 2535 ovo
1247 2481 1532 2542 nascuntur,
1569 2495 1618 2533 et
1643 2498 1798 2534 venae
1829 2480 2041 2536 similiter
2071 2501 2135 2536 ex

239 2559 394 2614 corde
425 2562 641 2628 primum
660 2570 897 2628 pergunt3
938 2570 988 2608 et
1014 2570 1183 2625 caput,
1219 2553 1386 2617 oculi,
1425 2568 1682 2627 partesque
1706 2561 1974 2611 anteriores
1999 2561 2132 2627 prin-

239 2638 372 2706 cipio
403 2634 511 2686 sunt
539 2631 888 2703 praegrandes3
933 2631 1232 2684 increscente
1260 2627 1396 2683 foetu
1429 2648 1584 2682 ovum
1610 2629 1845 2699 paulatim
1877 2635 2133 2686 imminui-

238 2724 346 2772 tur,
386 2708 693 2780 demumque
716 2705 982 2759 absumitur
1001 2718 1266 2778 totumque
1295 2707 1422 2757 intus
1446 2701 1572 2756 subit
1596 2702 1812 2767 foetum,
1842 2706 1965 2758 utin
1996 2704 2133 2758 vitel-

242 2783 295 2838 lo
315 2787 480 2837 avium
496 2783 605 2835 fieri
629 2781 867 2835 videmus.
886 2828 889 2829 γ
909 2778 1194 2833 Umbilicus
1215 2783 1362 2832 etiam
1383 2776 1529 2848 paulo
1561 2796 1587 2830 a
1608 2793 1776 2832 ventre
1798 2778 1996 2834 inferius
2016 2780 2133 2833 hae-

190 2917 193 2919 ,
244 2871 344 2920 ret,
384 2861 468 2930 qui
499 2875 671 2911 recens
705 2860 829 2909 natis
854 2854 1052 2923 longior
1081 2857 1178 2917 est,
1217 2850 1645 2923 crescentibusque
1674 2852 1904 2922 paulatim
1935 2854 2133 2908 brevior

246 2932 494 2990 redditur,
531 2932 693 2986 donec
725 2935 846 2984 intra
870 2928 1063 2983 foetum
1083 2929 1295 2983 subierit.
1346 2929 1519 2980 Ovum
1542 2945 1658 2979 cum
1682 2926 1820 2981 foetu
1842 2927 2131 2981 membrana

243 3009 505 3061 communi
534 3007 822 3068 includitur,
867 3003 957 3056 sub
984 3023 1081 3075 qua
1110 3004 1199 3058 alia
1228 3002 1419 3056 foetum
1452 3004 1679 3071 privatim
1708 3005 1957 3063 continet3
2008 3008 2133 3056 inter

241 3096 502 3153 utramque
529 3082 712 3135 humor
739 3082 1029 3133 intercurrit.
1139 3078 1348 3132 Adhaec
1375 3075 1512 3128 cibus
1543 3078 1592 3127 in
1622 3076 1895 3130 ventriculo
1919 3076 2132 3148 piscibus

242 3158 516 3228 suggeritur
537 3156 722 3214 eodem
740 3154 898 3211 modo
920 3172 1022 3229 quo
1045 3153 1190 3226 pullis
1221 3156 1416 3280 avbum'
1453 3153 1632 3223 partim
1655 3150 1791 3205 albus
1801 3164 1819 3216 ,·
1860 3157 2036 3225 partim
2062 3151 2134 3204 lu-

1228 3233 1264 3282 Β
1351 3243 1381 3280 2
2014 3240 2136 3281 teus.
