2571 3775
1069 336 1361 361 “““““““““““““
2078 339 2179 389 275

1070 362 1373 373 ..Qu—d.

237 454 463 528 respirare
493 452 662 509 asserit.
751 452 1106 506 Recentiorum
1142 453 1300 503 varias
1344 449 1406 504 cle
1436 449 1642 518 cordylo
1668 453 1930 522 opiniones
1952 451 2182 508 colled'ias

240 533 398 602 posuit
423 527 573 584 Conr.
595 525 786 600 Gesner·
805 527 867 578 de
893 526 1152 594 Qadrup.
1166 527 1393 594 Oviparis
1413 544 1458 594 p.
1479 545 1561 590 74<
1587 526 1648 577 de
1669 527 1984 598 Aquatilibus
1998 548 2045 598 p.
2066 541 2194 591 358s

239 603 424 660 Coimus
454 608 505 654 in
534 606 821 657 Commeat.
850 601 914 651 ad
945 596 1240 669 Aristotelis
1266 601 1386 653 Hist.
1406 598 1626 651 Animal.
1656 619 1699 668 p.
1736 617 1761 650 2
1779 621 1794 652 ς
1817 621 1833 651 1
1863 601 2080 673 denique
2105 602 2179 658 Cl.

239 676 502 732 Hermann
528 678 817 733 Comment.
853 672 1034 726 Tabul.
1065 674 1255 727 Affinit.
1276 694 1323 745 p.
1347 691 1466 739 294.
1542 677 1818 726 Maximam
1841 673 2180 731 difficultatem

237 761 433 811 movet,
474 749 611 820 quod
631 747 907 819 amphibius
933 748 1162 815 cordylus
1191 762 1240 802 et
1268 753 1316 801 in
1336 745 1516 802 ficcum
1536 747 1704 815 egredi
1725 746 1880 800 vic'lus
1902 750 2038 801 causa
2059 749 2178 803 dici-

238 841 339 886 tur3
378 823 667 876 lacertarum
690 826 828 876 enim
856 826 1190 895 aquaticarum
1221 822 1409 884 larvae,
1448 839 1569 893 quas
1601 825 1857 884 novimus,
1891 827 2029 895 aquis
2054 842 2179 877 nun-

237 917 385 970 quam
407 898 573 966 egredi
597 897 836 950 videntur.
914 896 1158 967 Exemplo
1184 901 1317 950 enim
1339 900 1518 949 Sirenis
1551 895 1806 949 lacertinae
1829 899 1900 948 uti
1921 916 2053 950 nunc
2073 917 2176 953 non

239 973 359 1025 licet
383 974 582 1042 propter
604 976 756 1024 varias
779 970 1108 1025 dubitationes
1129 972 1265 1041 supra
1293 969 1544 1040 expositas.
1607 976 1797 1023 Verum
1821 971 2040 1040 fiispicari
2063 972 2175 1027 licet

233 1046 475 1115 egressum
509 1048 651 1099 istum
685 1045 870 1110 cordyli
905 1044 1108 1098 brevem
1138 1050 1349 1098 omnino
1383 1058 1528 1116 atque
1564 1044 1625 1096 ad
1658 1042 1762 1096 loca
1786 1044 2005 1113 palustria
2027 1061 2174 1118 atque

234 1119 462 1175 umbrosa
485 1120 690 1173 relatum
711 1118 844 1172 fuisse
865 1138 890 1172 a
919 1118 1230 1189 philosopho.
1282 1123 1354 1170 Ex
1374 1120 1476 1184 ejus
1495 1121 1627 1170 enim
1648 1116 1772 1171 libro
1794 1117 1959 1190 aliquo
1980 1122 2174 1189 perdito

229 1199 480 1248 annotavit
510 1192 802 1248 Atlzermeus
832 1193 1140 1263 Dipnosoph.
1172 1197 1267 1245 VII.
1296 1212 1343 1262 p.
1374 1199 1489 1255 306.
1518 1190 1776 1258 cordylum
1808 1192 2116 1263 amphibium
2144 1213 2171 1249 a

229 1268 330 1323 sole
366 1267 660 1321 exsiccatum
691 1272 849 1329 mori3
908 1268 1043 1340 quod
1074 1272 1119 1319 in
1153 1266 1354 1320 lacertas
1389 1270 1636 1338 aquaticas
1669 1284 1880 1337 corpore
1911 1269 2049 1321 nudo
2078 1286 2170 1323 nec

229 1344 536 1415 squammaro
565 1341 842 1404 instrud'tas,
887 1356 933 1394 et
953 1356 1197 1411 praeterea
1221 1339 1463 1393 branchiis
1482 1344 1532 1392 in
1553 1345 1716 1409 primo
1741 1359 1865 1394 aevo
1887 1343 2170 1413 respirantes

226 1416 475 1486 praeclare
498 1422 742 1470 convenit.
824 1417 947 1468 Mihi
979 1416 1185 1488 quidem
1216 1414 1343 1467 nulla
1377 1415 1586 1484 superest
1608 1414 1872 1477 dubitarim
1909 1417 2169 1485 cordylum

226 1490 285 1544 ab
302 1489 569 1558 Aristotele
589 1490 765 1544 dieiam
790 1491 883 1545 effe
899 1490 1080 1544 larvam
1102 1489 1306 1543 lacertae
1323 1488 1542 1559 palustris
1563 1489 1790 1543 alicuius:
1816 1492 1971 1559 Quod
1992 1491 2021 1544 fi
2045 1511 2170 1546 vero

224 1585 316 1636 pro
345 1565 576 1635 peculiari
597 1580 646 1619 et
665 1563 884 1636 perfee'to
914 1565 1056 1636 plane
1088 1564 1301 1618 animale
1328 1562 1583 1634 amphibio
1612 1562 1806 1626 habuit,
1844 1583 1947 1617 non
1969 1565 2165 1620 mirabi-

224 1659 338 1692 mur
364 1639 430 1691 illi
461 1655 578 1693 tunc
608 1644 844 1712 temporis
878 1639 1128 1701 accidiffe,
1165 1639 1300 1711 quod
1329 1642 1378 1690 in
1406 1638 1498 1691 hac
1531 1652 1661 1692 tanta
1683 1638 1908 1692 historiae
1935 1641 2163 1696 naturalis

223 1711 332 1766 luce
351 1714 557 1766 evenisse
578 1718 628 1766 in
653 1718 835 1768 Proteis
859 1713 1054 1768 duobus
1076 1710 1331 1767 Laurenti
1353 1714 1664 1766 confitemur.
1729 1717 1815 1765 Me
1837 1713 2038 1785 quidem
2061 1735 2164 1771 non

224 1791 341 1840 item
371 1802 424 1840 ut
458 1788 531 1842 Cl.
563 1785 909 1841 Hermammm
936 1789 1007 1857 (p,
1033 1806 1152 1852 294.
1176 1789 1462 1840 Comment.
1484 1786 1663 1838 Tabul.
1681 1788 1896 1854 Affinit.)
1927 1804 2165 1854 moratur,

223 1862 361 1933 quod
383 1861 706 1932 Philosophus
727 1862 944 1916 omiserit
965 1875 1225 1923 annotare,
1266 1859 1519 1913 branchias
1545 1860 1645 1914 illas
1666 1876 1890 1915 externas
1918 1863 2011 1916 esse
2031 1863 2163 1918 velut

225 1936 544 2006 appendiceS,
593 1936 759 2008 quales
786 1935 874 1989 fint
900 1935 1185 1988 larvatarum
1208 1939 1542 2005 aquaticarum
1567 1934 1866 1989 lacertarum.
1943 1942 2160 2002 Locum,

222 2007 404 2073 fateor,
438 2030 541 2064 non
568 2011 800 2063 indicavit
828 2008 1198 2072 branchiarum‚
1239 2027 1332 2061 nec
1363 2006 1620 2063 fabricam:
1673 2011 1757 2063 sed
1784 2010 1931 2063 talem
1955 2011 2160 2082 diligen--v

220 2087 336 2137 tiam
358 2084 417 2137 ab
437 2087 646 2138 Historia
670 2084 959 2137 animalium
981 2083 1187 2136 alienam
1208 2081 1463 2153 expediare
1488 2082 1789 2137 debebamus
1810 2103 1836 2136 a
1860 2084 2159 2153 fingulorum

220 2159 508 2212 animalium
535 2163 866 2220 enarratione,
919 2177 1044 2230 quae
1074 2162 1312 2228 temporis
1343 2161 1511 2224 injuria
1543 2162 1696 2228 periit.
1774 2166 1959 2213 Verum
1993 2175 2159 2231 tamen

220 2232 307 2285 alia
329 2231 454 2302 signa
478 2234 640 2286 addita
660 2233 798 2286 fimul
823 2233 1044 2286 videmus
1066 2232 1287 2299 cordle
1327 2250 1451 2304 quae
1474 2231 1730 2287 manifesto
1754 2233 1932 2286 larvam
1955 2233 2160 2290 lacertae

221 2312 471 2378 aquaticae
491 2326 694 2376 arguere
716 2308 958 2361 videntur.
1035 2308 1191 2375 Quod
1221 2326 1340 2360 vero
1369 2306 1689 2377 philosophus
1715 2308 1978 2378 pulmones
2000 2309 2158 2364 abeffe

221 2396 365 2450 negat
385 2383 557 2448 ,diserte
574 2420 587 2445 ,
620 2382 915 2453 appendices
934 2384 1038 2434 istas
1061 2381 1365 2434 branchiaras
1388 2385 1520 2435 vices
1543 2382 1845 2452 pulmonum
1865 2402 2035 2452 gerere
2062 2404 2156 2439 una

221 2469 271 2507 et
292 2457 495 2526 piscium
516 2455 757 2509 branchiis
783 2455 1013 2508 strucqtura
1033 2454 1208 2509 similes
1228 2455 1321 2508 esse
1338 2456 1539 2508 afferere
1558 2456 1758 2510 voluiffe
1784 2458 1988 2511 videtur.
2066 2465 2158 2529 Igi-
2213 2525 2216 2528 Ι

219 2544 296 2582 tur
326 2533 544 2602 quaestio
577 2535 743 2584 omnis
764 2530 825 2582 de
848 2544 1072 2582 veterum
1097 2529 1300 2596 cordylo
1329 2531 1451 2582 redit
1478 2531 1676 2583 tandem
1710 2532 1768 2584 ad
1791 2537 2004 2602 primam
2026 2534 2157 2590 illam

222 2623 385 2656 meam
405 2603 791 2665 dubitatione1113
831 2618 877 2657 et
904 2604 1106 2656 definire
1128 2619 1237 2657 ante
1260 2608 1426 2657 onmia
1450 2619 1662 2673 oportet,
1704 2605 1989 2660 larvatarum
2009 2608 2159 2663 lacer-

219 2692 381 2731 tarum
406 2680 701 2748 appendices
723 2678 1022 2748 pulmonum
1045 2682 1176 2732 vices
1197 2692 1366 2747 gerant
1388 2677 1657 2732 absentium
1679 2699 1739 2732 an
1762 2700 1877 2734 cum
1892 2686 1947 2735 iis
1967 2687 2158 2738 ratione

219 2752 380 2806 adhuc
401 2758 569 2822 ignota
601 2763 747 2825 atque
781 2751 971 2805 insolita
1000 2771 1255 2806 connexae
1273 2792 1284 2814 ‚
1320 2767 1402 2805 aut
1423 2754 1636 2826 denique
1658 2769 1860 2824 partesla
1885 2757 2156 2826 respiratio-

221 2831 294 2879 nis
319 2830 403 2880 usu
425 2828 567 2898 plane
587 2827 769 2881 alienae
789 2824 907 2881 fint?
941 2826 1193 2880 Dubitasse
1221 2828 1283 2881 cle
1305 2841 1473 2880 natura
1488 2846 1655 2880 earum
1671 2830 1859 2882 videtur
1879 2834 2027 2883 etiam
2053 2834 2156 2902 ipse

219 2898 568 2955 CLHermcmn
579 2921 602 2970 ;
622 2902 885 2974 quomodo
909 2906 1042 2954 enim
1065 2906 1101 2955 is
1112 2901 1335 2972 pinnulas
1360 2900 1622 2956 fimbriatas
1642 2917 1873 2976 tanquam
1895 2903 2155 2962 branchias

218 2989 442 3043 externas
472 2976 635 3028 dicere
657 2982 842 3046 potuit,
876 2980 1242 3044 (Commentar.
1264 2995 1308 3046 p.
1333 2994 1357 3027 2
1375 2979 1477 3041 56.)
1500 2995 1618 3048 quas
1639 2984 1801 3031 tamen
1825 2996 1935 3030 vera
1957 2981 2155 3049 respira-

214 3054 339 3103 toria
360 3068 542 3118 organa
563 3050 657 3102 effe
679 3049 826 3119 paulo
850 3053 958 3120 post
977 3049 1160 3104 afferit?
1203 3047 1463 3121 Rocss’lms
1483 3053 1644 3104 noster
1664 3051 2006 3106 branchiamm
2028 3054 2157 3107 fimi-

212 3122 279 3178 les
298 3139 457 3195 partes
479 3124 637 3180 adeffe
659 3129 724 3179 ait
746 3129 797 3181 in
822 3143 1047 3179 ranarum
1077 3140 1126 3178 et
1156 3123 1402 3180 bufonum
1432 3123 1590 3189 larviS‚
1623 3128 1942 3202 posteaquam
1971 3147 2156 3199 appen-

1108 3203 1229 3257 Mm
1264 3216 1292 3251 2
2023 3204 2158 3262 dices
