2571 3775
1011 351 1099 361 —-—

1010 326 1304 349 ...-.....
1982 329 2090 391 ω

215 445 402 520 aliquot
420 446 582 500 versus
603 445 664 498 ab
682 437 952 512 Aristotele
977 442 1104 493 inter
1133 438 1301 507 galeos
1335 441 1482 493 etiam
1515 440 1784 497 centrinem
1820 445 1870 498 et
1899 445 2092 499 noticia-2

217 542 340 576 num
370 525 664 594 (vtem-flung·
697 530 745 568 et
773 510 1078 583 ιῖωτιδοινὸς)
1109 515 1346 566 recenseri
1373 518 1466 574 θὴς
1517 515 1599 567 sed
1635 516 1775 570 locus
1805 518 1955 571 hodie
1985 539 2089 573 non

216 598 381 648 exstat.
465 589 740 663 Oppianus
771 594 803 640 Ι.
839 608 936 655 373
960 591 1088 660 seqq.
1137 592 1342 642 nomine
1392 595 1650 643 communi
1687 595 1817 644 canis
1852 590 2086 648 familiam

215 686 422 723 omnem
446 664 868 731 cartilagineorum
889 662 1157 730 longorum
1179 663 1383 732 piscium
1403 662 1775 733 compledlitur‚
1810 683 2018 736 eamque
2038 670 2088 719 in

213 746 304 796 tria
324 756 501 808 genera
524 737 778 791 distribuit.
853 742 1073 790 Primum
1097 754 1253 804 genus
1276 737 1473 788 saevum
1493 737 1553 790 ad
1572 752 1677 790 cete
1698 743 1942 809 pertinere
1965 753 2013 792 et
2036 743 2091 796 in

211 815 312 868 alto
335 817 459 865 mari
478 812 655 880 degere
676 817 766 872 ait3
799 811 986 883 reliqua
1003 812 1106 865 duo
1127 829 1307 878 genera
1326 814 1555 866 maximis
1567 812 1649 865 seu
1662 810 1926 867 fortissimis
1946 814 2090 883 pisci·
2118 813 2122 815 ’

210 886 302 940 bus
326 885 689 939 adnumeranda
724 889 775 938 in
804 886 910 941 luto
944 900 992 938 et
1022 904 1186 940 coeno
1221 882 1470 955 profundo
1501 884 1729 939 habitare.
1854 890 2091 956 Qi'orum

210 961 416 1014 alterum
440 959 499 1014 ab
530 959 709 1013 infestis
738 959 917 1014 aculeis
957 961 1039 1013 seu
1069 958 1259 1030 spiculis
1288 958 1516 1028 appellari
1553 965 1819 1022 centrinas;
1879 962 2102 1018 alterum.

209 1054 328 1089 vero
362 1034 528 1103 galeos
559 1034 741 1097 (11ἐῖ03,
798 1034 946 1088 veluti
978 1033 1199 1097 catulo&
1252 1028 1519 1105 (σκύμνοι)
1567 1032 1728 1087 laeves
1739 1072 1755 1098 ,
1819 1037 2089 1098 acanthum,

207 1108 497 1179 compledlis
546 1125 692 1181 atque
751 1109 812 1161 ad
862 1109 955 1162 hos
1013 1111 1255 1178 pertinere
1315 1110 1467 1159 etiam
1511 1107 1781 1179 squatinae,
1829 1109 2057 1179 vulpinos
2068 1145 2089 1173 5

204 1183 571 1252 (ἀλωπεκίας)
613 1184 661 1236 et
694 1187 866 1236 varios,
915 1182 1191 1250 (ποικίλοι)
1223 1179 1404 1233 similes
1433 1199 1610 1235 omnes
1645 1181 1800 1244 νὶέὶιι,
1839 1184 2087 1252 (Codices

205 1254 287 1311 alii
306 1256 491 1324 forma)
515 1255 753 1320 moribus,
791 1256 977 1337 (ἔργα)
997 1257 1220 1327 pascique
1242 1254 1381 1308 fimul
1401 1273 1596 1319 omnes,
1626 1255 1751 1323 (hoc
1774 1259 1911 1311 estin
1935 1276 2089 1326 grege

204 1334 414 1399 vivere).
491 1337 563 1384 Ex
585 1333 766 1385 eodem
786 1351 902 1384 cum
935 1327 1180 1402 Oppiam
1213 1328 1350 1382 fonte
1377 1330 1458 1382 sua
1488 1329 1641 1398 haufit
1666 1328 1915 1385 Aelianus
1934 1338 1968 1384 Ι.
2002 1352 2084 1394 55·

203 1406 287 1459 sed
321 1404 715 1460 distributionem
742 1405 950 1459 familiae
986 1423 1165 1457 canum
1194 1407 1246 1456 in
1277 1407 1362 1456 tria
1389 1422 1576 1472 genera⁴
1597 1403 1734 1458 ali-ter
1766 1408 1994 1468 instituit,
2030 1419 2083 1459 et

205 1478 475 1533 verborum
501 1481 676 1534 ordine
695 1480 896 1551 paulum
919 1478 1141 1541 turbato,
1178 1492 1232 1530 ut
1252 1477 1449 1530 difficile
1470 1477 1525 1532 fit
1543 1482 1628 1531 tria
1646 1476 1883 1550 Oppiani
1902 1498 2087 1548 genera

204 1557 256 1607 in
277 1558 333 1607 iis
353 1556 628 1623 agnoscere.
706 1558 901 1610 Canum
917 1592 931 1617 ,
959 1558 1143 1625 inquit,
1177 1556 1482 1605 marinorum
1503 1556 1591 1606 tria
1611 1571 1788 1620 genera
1813 1553 2083 1615 habentur3

203 1646 421 1698 quorum
441 1632 649 1682 maximi
670 1633 720 1682 in
741 1632 860 1683 cetis
881 1630 1149 1683 tortiffimis
1170 1641 1512 1688 numerantur3
1551 1626 1735 1699 reliqua
1765 1627 1867 1682 duo
1901 1646 2082 1696 genera

203 1720 423 1756 coenum
464 1703 706 1764 habitant3
765 1702 1106 1772 magnitudine
1146 1705 1294 1754 etiam
1325 1702 1384 1754 ad
1413 1700 1567 1753 cubiti
1598 1702 1874 1755 mensuram
1907 1720 2082 1771 perve-

203 1780 354 1831 niunt.
431 1781 648 1831 Primum
670 1777 757 1829 hic
776 1779 932 1830 statim
954 1786 1149 1847 apparet
1169 1774 1338 1828 locum
1373 1775 1467 1829 effe
1499 1790 1803 1845 corruptum.
1887 1780 2081 1845 Magni-

200 1852 322 1905 tudo
347 1856 481 1906 enim
499 1851 647 1923 pofita
667 1851 810 1922 pullis
830 1850 1085 1920 galeorum
1099 1888 1114 1914 ‚
1152 1853 1362 1902 minime
1382 1849 1589 1920 piscibus
1620 1849 1797 1905 adultis
1828 1855 2081 1914 convenit,

199 1939 254 1978 ut
292 1925 602 1980 manifestum
634 1928 701 1979 est
719 1940 918 1979 naturae
966 1943 1134 1978 rerum
1169 1928 1347 1994 peritiS.
1459 1925 1857 1992 Magnitudinem
1916 1925 2087 1981 omifit-

199 1996 490 2071 Oppianus.
567 2003 725 2068 Pergit
753 1997 1021 2054 Aelianus:
1075 2004 1273 2052 Horum
1294 1997 1501 2070 aliquem
1529 1998 1753 2066 gedeum,
1788 2000 1936 2052 alium
1961 2019 2078 2055 cen-

196 2078 377 2126 trinem
405 2073 671 2144 appellarim
729 2073 912 2127 horum
945 2076 1061 2126 varii
1089 2074 1169 2127 seu
1203 2070 1421 2142 punciati
1451 2077 1698 2139 (κατ-εστι
1739 2075 1907 2147 μένοι)
1935 2074 2077 2143 galei,

196 2147 371 2218 reliqui
391 2167 511 2201 vero
534 2151 778 2200 centrinae
797 2151 1127 2202 nominantur,
1205 2150 1334 2199 Varii
1359 2149 1505 2214 igitur
1533 2150 1704 2214 (wotm'
1740 2154 1807 2215 σι)
1829 2163 1941 2200 cute
1964 2150 2075 2202 funt

194 2221 412 2275 molliori
436 2236 484 2274 et
503 2226 655 2292 capite
687 2221 869 2283 latiori3
922 2220 1094 2293 reliqui
1125 2240 1245 2275 vero
1276 2224 1435 2290 parvi,
1495 2235 1606 2274 cute
1635 2223 1797 2292 aspera
1828 2237 1877 2275 et
1911 2227 2086 2293 capite.

194 2296 300 2349 sunt
320 2299 601 2350 acuminato
625 2309 671 2348 et
696 2294 865 2349 colore
896 2294 1145 2348 albicante.
1258 2294 1437 2346 Aculei
1465 2309 1630 2347 autem
1671 2301 1743 2349 eis
1768 2298 1876 2350 sunt
1902 2300 2073 2360 innati,

196 2373 339 2422 unius
363 2370 566 2441 quidem
586 2375 636 2423 in
657 2373 807 2438 pinna
836 2373 1029 2440 capitiS‚
1064 2368 1260 2423 alterius
1288 2371 1339 2421 in
1370 2369 1550 2431 cauda,
1600 2368 1735 2434 duri,
1779 2371 2085 2425 inflexibiles

196 2458 245 2497 et
272 2448 514 2497 venenati.
622 2448 822 2497 Horum
855 2462 1122 2514 parvorum
1146 2457 1351 2514 uterque
1382 2447 1430 2495 in
1463 2442 1584 2497 limo
1614 2459 1662 2498 et
1687 2461 1850 2500 coeno
1882 2449 2073 2516 capitur

197 2517 375 2580 hamo,
413 2537 506 2587 pro
539 2518 641 2570 esca
663 2518 821 2571 indito
847 2518 976 2588 pisce
1005 2516 1173 2589 aliquo
1193 2516 1309 2570 albo
1329 2520 1380 2569 in
1405 2517 1552 2572 dorso
1574 2518 1788 2575 diffecio.
1876 2520 2073 2574 Deinde

196 2607 357 2645 narrat
375 2590 612 2646 Aelianus
634 2592 846 2646 modum
877 2606 1102 2663 capturae
1135 2591 1351 2645 eundem
1389 2591 1554 2662 plane,
1614 2613 1765 2666 quem
1795 2614 1856 2648 ex
1887 2595 2070 2648 eodem

195 2665 293 2722 fine
334 2665 490 2720 dubio
523 2665 722 2720 audio-re
751 2665 914 2719 retulit
943 2662 1218 2738 Oppimms
1249 2671 1326 2720 IV.
1352 2685 1454 2730 242
1485 2668 1616 2739 seqq.
1672 2668 1754 2722 sed
1783 2669 1868 2722 hic
1904 2684 2070 2739 aperte

192 2759 337 2794 canes
357 2740 524 2809 galeos
548 2755 594 2793 et
623 2745 862 2794 centrinas
894 2736 1303 2817 (κεντροφόρεςς)
1341 2739 1481 2794 simul
1508 2747 1731 2797 nominat
1759 2744 1924 2797 addito
1956 2763 2072 2796 cen-

192 2819 327 2868 trinis
356 2814 575 2884 epitheto
598 2810 870 2884 κελαινὲς,
910 2816 1047 2886 quod
1070 2834 1172 2869 non
1192 2815 1349 2869 solum
1371 2820 1597 2883 nigrum,
1638 2819 1719 2871 sed
1751 2817 1890 2871 letale
1919 2822 2068 2873 etiam

190 2892 492 2959 interpretari
513 2889 653 2957 licet,
692 2903 747 2942 ut
765 2888 897 2943 secie
917 2892 1020 2955 jam‘
1036 2889 1157 2943 olim
1180 2893 1376 2944 monuit
1399 2887 1447 2943 C
1442 2907 1552 2943 σφιν.
1573 2889 1839 2963 Gqurus.
1915 2896 2068 2958 Igitur

189 2963 289 3017 hoc
312 2966 460 3016 etiam
481 2978 775 3033 argumento
799 2967 1003 3026 constat,
1027 2963 1171 3018 verba
1193 2960 1400 3018 Aeliani
1412 2967 1515 3024 τῶν
1536 2970 1698 3025 κυνῶν
1718 2969 1820 3025 τῶν
1841 2969 2084 3042 σμικρῶν

187 3032 531 3115 ἑχάτερωθεν
565 3041 627 3090 ita
664 3037 757 3091 effe
799 3038 1130 3102 emendanda,
1195 3053 1249 3092 ut
1288 3038 1470 3106 legatur
1501 3034 1756 3116 ἑκάτεροι)
1790 3041 1965 3119 γένος,
2014 3054 2065 3094 et
2092 3086 2109 3101 ,

173 3129 338 3182 genus
371 3126 636 3189 utrumque
672 3130 942 3185 parvorum
973 3131 1154 3175 canum,
1188 3113 1250 3169 de
1277 3112 1425 3184 galeis
1461 3111 1600 3172 simul
1631 3128 1679 3169 et
1709 3118 1937 3170 centrinis
1966 3116 2062 3243 effe

1569 3227 1595 3251 ,
1899 3207 1992 3260 exp
2015 3209 2058 3243 1-
