2571 3775
234 337 336 377 vm
1047 323 1341 342 ·“““““““““““

234 442 630 505 continuatione
649 454 734 496 aut
756 455 990 495 errorum
1002 455 1269 491 novorum
1292 433 1615 504 admistione,
1640 451 1748 509 quo
1771 434 1985 490 demum
2009 431 2182 492 seculo

234 542 454 618 propius
503 538 569 594 ad
608 553 841 592 naturam
882 533 1130 589 accedere
1177 550 1300 587 cum
1341 530 1567 603 quadam
1619 531 1850 586 nominis
1901 531 2185 587 variatione

236 637 522 711 coeperint.
616 629 942 703 Comparavi
977 628 1132 683 etiam
1175 645 1298 682 cum
1345 623 1658 697 scriptorum
1704 626 1836 681 locis
1875 626 2097 699 piffluras
2128 626 2183 681 in

238 734 410 790 numis
443 745 493 786 et
520 726 875 783 monumentis
905 722 1163 779 vetustatis
1195 722 1301 777 aliis
1330 721 1606 782 exstantes,
1647 740 1756 795 quo
1777 722 1964 777 certius
1988 723 2053 778 de
2073 719 2181 777 sen·

237 827 398 886 tentia
438 824 708 881 aufiorum
742 818 1062 894 singulorum
1101 834 1153 873 et
1196 818 1394 872 notitiis
1437 816 1501 873 ab
1532 817 1590 872 iis
1625 818 1821 873 traditis
1862 815 1979 872 ferri
2016 815 2186 890 posset

240 922 491 997 judicium
511 960 525 984 ‚
591 916 627 973 si
667 916 779 990 quis
812 915 1032 989 piciuras
1068 913 1132 969 ab
1170 912 1362 968 artifice
1395 913 1566 985 perito
1612 913 1853 986 repetitas
1893 933 2016 968 cum
2054 913 2185 969 locis

233 1017 549 1091 scriptorum
565 1029 802 1070 veterum
821 1011 1277 1081 recentiorumque
1298 1028 1326 1064 a
1347 1027 1434 1064 me
1453 1008 1608 1065 allatis
1631 1010 1955 1066 contendere
1975 1009 2111 1064 velit.

390 1165 642 1224 Absoluta
667 1163 766 1219 hac
793 1179 953 1235 opera
984 1160 1141 1233 coepi
1171 1159 1323 1233 plane
1352 1160 1536 1216 eadem
1566 1160 1767 1215 ratione
1795 1158 2082 1216 Historiam
2104 1159 2184 1215 lit-

242 1264 478 1325 terariam
508 1260 803 1318 animalium
830 1272 1210 1312 venenatorum
1239 1272 1547 1324 contexere,
1584 1256 1729 1312 cuius
1760 1256 2028 1311 auclorem
2044 1255 2185 1328 prin-

243 1364 420 1436 cipem
462 1357 625 1414 hodie
673 1354 931 1426 reliquum
983 1352 1235 1407 habemus
1282 1349 1613 1407 Nicandrum
1655 1367 1897 1424 poetam3
1956 1371 2056 1408 nec
2098 1371 2185 1407 me

244 1456 483 1531 poenitet
503 1452 675 1508 adhuc
705 1438 897 1522 operae
923 1449 979 1504 in
1001 1446 1368 1520 comparandis
1395 1463 1478 1503 tot
1496 1445 1806 1520 scriptorum
1827 1447 1956 1502 locis
1979 1446 2187 1503 diversis

244 1552 549 1610 collocatae.
633 1545 1142 1616 Prolegomenorum
1183 1542 1334 1599 instar
1369 1539 1578 1614 adjunxi
1612 1543 1927 1598 anatomiam
1966 1560 2018 1599 et
2050 1543 2188 1617 phy-

244 1647 517 1719 fiologiam
553 1644 857 1699 lacertarum
895 1655 946 1695 et
982 1637 1277 1713 serpentum
1301 1681 1314 1706 ,
1373 1658 1486 1694 non
1528 1635 1696 1692 solum
1739 1657 1804 1694 ex
1854 1635 2190 1712 scriptoribus

248 1740 454 1801 vetustis
474 1755 525 1796 et
544 1737 837 1795 recentibus
857 1733 1154 1791 summatim
1176 1734 1463 1796 collefiam
1501 1729 1586 1788 sed
1607 1734 1759 1789 novis
1780 1735 1933 1790 etiam
1956 1733 2188 1793 seelioni-

248 1840 346 1896 bus
376 1854 527 1910 atque
555 1832 922 1908 experimentis
950 1831 1264 1898 correc‘tam,
1302 1828 1614 1895 illustratam,
1654 1845 1808 1903 atque
1840 1832 2065 1893 auctam,
2100 1833 2189 1889 ad-

246 1933 430 2008 junffis
458 1932 683 2004 partium
715 1928 1074 2002 plurimarum,
1141 1926 1378 1999 inprimis
1418 1922 1582 1980 osseae
1620 1928 1920 2000 compagis,
1979 1928 2201 2004 picturis
2242 1992 2244 1994 ,

249 2029 438 2085 multis,
545 2025 660 2097 Qi
697 2024 913 2098 quidem
956 2022 1084 2079 liber
1117 2022 1259 2077 hune
1300 2041 1412 2077 non
1442 2020 1609 2092 longo
1639 2020 1908 2077 intervallo
1935 2027 2191 2098 temporis

250 2121 619 2195 consequetur3
658 2119 806 2193 quod
826 2119 1075 2175 leffiorem
1096 2117 1335 2190 ignorare
1362 2116 1611 2171 nolebam
1631 2115 1712 2171 vel
1736 2135 1851 2172 eam
1874 2118 1948 2174 ob
1970 2120 2188 2187 causam,

188 2230 192 2233 ’
252 2219 398 2293 quod
428 2215 696 2289 aliquoties
727 2212 1161 2287 exspefiationem
1194 2213 1301 2268 eius
1345 2212 1412 2268 de
1441 2212 1667 2284 partium
1699 2212 1982 2286 aliquarum
2014 2234 2191 2275 natura

255 2311 560 2387 explicanda
578 2310 644 2367 ad
668 2328 790 2366 eum
810 2309 1001 2365 librum
1024 2307 1191 2379 rejeci.

403 2457 612 2512 Dabam
677 2453 999 2513 Francofurti
1065 2453 1132 2512 ad
1200 2452 1459 2512 viadrum
1528 2453 1731 2525 medioj
1761 2455 1956 2520 mense
2022 2460 2192 2536 Aprili

255 2551 785 2612 MDCCLXXXIX.

2045 3189 2202 3256 I7t7to'-
