2571 3775
1047 312 1341 334 ··““““““““·
2033 318 2134 364 113

247 433 552 487 natationem
574 446 633 486 et
659 428 882 485 volatum
911 424 1132 495 ambigui
1163 421 1276 477 ferri
1296 421 1541 477 dicuntur.
1617 425 1713 477 Sed
1744 441 1793 480 et
1826 426 1948 482 haec
1975 432 2144 483 omnia

247 507 471 562 translata
491 509 598 560 sunt
613 525 681 560 ex
702 501 949 574 Oppiam
965 506 998 553 1.
1020 512 1123 565 428
1141 500 1269 571 seqq.
1344 500 1461 550 Huc
1473 500 1622 566 igitur
1632 500 2145 569 redeuntgraecorum

244 578 543 648 scriptorum
559 581 851 627 testimonia.
931 579 1078 629 Nunc
1100 572 1242 627 latina
1263 571 1551 632 videamus3
1592 591 1655 625 ex
1687 573 1866 644 quibus
1898 578 2142 646 quaedam

246 645 442 709 Artedi
472 651 609 718 supra
641 648 702 700 ad
735 649 918 713 Genus,
931 654 978 699 6.
1007 646 1253 717 apposuit3
1298 662 1450 715 quam
1470 644 1630 707 redte,
1675 665 1810 701 nunc
1837 649 2054 715 judicare
2085 650 2141 703 li-

247 725 388 779 cebit.
464 719 673 777 Plinius
697 726 778 774 IX.
807 740 910 792 cap.
936 739 1019 784 2'7.
1056 719 1240 775 Volitat
1270 718 1517 783 hirundo,
1560 720 1671 773 Iane
1706 739 1948 793 perquam
1976 723 2141 779 similis

245 798 440 852 volucri
463 796 745 851 hirundini:
788 800 910 850 item
932 795 1126 849 milvus.
1201 792 1343 845 Subit
1366 798 1415 847 in
1438 795 1625 855 summa
1647 799 1797 849 marla
1816 797 1956 867 piscis
1977 816 2041 850 ex
2063 816 2139 851 ar-

244 884 486 941 gumento
521 870 787 942 appellatus
825 870 1045 934 lucerna,
1109 869 1372 940 linguaque
1405 872 1545 937 ignea
1582 888 1668 939 per
1696 888 1756 923 os
1797 872 1977 924 exserta
2009 886 2139 927 tran-

242 946 403 1018 quillis
424 945 650 999 nofflbus
675 945 874 1005 relucet.
951 944 1057 998 Ubi
1090 942 1335 1015 praeclare
1367 945 1466 1008 jam
1493 943 1616 997 olim
1646 944 1769 997 vidit
1798 943 2137 1001 ,Ronn'eletius

238 1020 379 1073 -aliter
409 1021 863 1091 interpungendum
896 1036 947 1074 et
972 1019 1242 1088 legendum
1263 1017 1380 1069 effe:
1418 1014 1536 1070 item
1561 1015 1744 1071 milvus
1747 1015 1901 1089 subit
1930 1017 2135 1090 insum-

240 1112 322 1148 ma
343 1092 524 1148 maria.
579 1091 871 1166 Pifiisetc.
956 1093 1142 1146 Milvus
1171 1096 1304 1146 enim
1333 1095 1416 1144 vix
1448 1089 1638 1154 evol-at,
1677 1092 1759 1144 sed
1791 1098 1972 1146 natanti
2006 1093 2135 1167 fimi-

239 1167 335 1222 lior
368 1167 523 1233 fertur
563 1187 651 1239 per
682 1169 933 1221 summum
965 1186 1128 1229 mare,
1172 1180 1225 1219 ut
1269 1184 1384 1217 cum
1409 1162 1655 1237 Oppiam
1682 1163 1933 1220 Aelianus
1969 1167 2133 1232 refert,

237 1261 456 1315 quorum
479 1257 646 1296 tamen
674 1245 766 1314 ipsa
799 1241 946 1295 verba
974 1242 1136 1312 posuit
1159 1241 1453 1310 ineptiffime
1474 1236 1809 1306 simulamus,
1846 1255 1900 1294 ut
1932 1240 2133 1298 Konde-

234 1315 408 1373 letiam
437 1316 690 1371 refelleret.
765 1323 931 1390 Itaque
965 1336 1098 1369 nunc
1117 1316 1328 1382 *lucerna
1360 1332 1421 1367 ex
1449 1315 1656 1383 piscium
1686 1314 1960 1368 volantium
1980 1332 2128 1372 coetu

237 1392 372 1445 miffa
393 1391 567 1455 abibit,
603 1391 735 1445 unde
758 1392 946 1443 malum
967 1391 1149 1461 pedem
1177 1388 1351 1442 intulit.
1429 1387 1656 1441 Debetur
1692 1392 1827 1442 enim
1869 1394 2039 1462 inepto
2065 1407 2129 1447 ⁴et:

236 1468 512 1520 monstroso
551 1466 766 1520 hominis
798 1465 1000 1532 alicujus
1042 1467 1246 1533 nugacis
1276 1466 1506 1531 ingenio,
1577 1466 1661 1533 qui
1699 1462 1918 1532 linguam
1951 1481 2124 1520 contra

232 1543 440 1612 piscium
470 1560 668 1595 morem
696 1540 935 1593 exsertam
962 1544 1160 1608 igneam
1190 1557 1283 1608 pro
1322 1535 1564 1590 miraculo
1602 1536 1800 1590 addidit.
1898 1541 2122 1596 Eandem

232 1615 378 1670 nobis
428 1614 682 1669 lucernam
731 1613 937 1685 praefert
985 1611 1196 1668 Plinius
1248 1616 1449 1664 XXXII.
1505 1629 1608 1682 cap.
1648 1632 1667 1664 1
1687 1631 1727 1665 1.
1762 1614 1908 1667 ¹inter
1950 1616 2121 1684 pisce&

230 1708 383 1762 quam
402 1709 554 1761 porro
577 1689 843 1743 extinclam
864 1690 1112 1761 quiescere
1141 1689 1383 1758 patientur
1407 1689 1498 1740 viri
1521 1683 1683 1748 dotti,
1733 1705 1860 1758 quos
1890 1688 2119 1743 difficiles

233 1764 414 1818 habere
435 1783 587 1834 nugas
613 1783 717 1818 non
735 1767 879 1830 juvat.
963 1763 1186 1830 Milvago
1207 1765 1401 1833 quoties
1421 1775 1554 1813 extra
1575 1779 1752 1833 aquam
1773 1778 1999 1817 cernatur
2027 1783 2117 1818 vo-

231 1838 402 1902 litans,
440 1840 746 1910 tempestates
778 1840 962 1890 mutari
989 1837 1206 1890 Trebius
1234 1837 1386 1903 Niger
1418 1833 1591 1888 audIor
1628 1836 1697 1889 est
1724 1836 1852 1907 apud
1881 1835 2116 1893 Plinium

230 1917 427 1966 XXXII.
451 1933 491 1966 e.
516 1932 560 1966 2.
636 1918 785 1966 Hunc
816 1914 1122 1983 postremum
1152 1909 1321 1965 locum
1362 1913 1556 1980 repetiit
1583 1906 1838 1979 IfidOWzS,
1892 1908 2117 1985 ΕῬῖόνιῑιίΙι

230 2002 281 2041 et
303 1987 475 2042 austor
505 1987 615 2042 libri
637 1989 698 2041 de
718 2002 883 2040 natura
913 2005 1078 2039 rerum
1103 1985 1232 2056 apud
1259 1981 1316 2039 V
1318 1981 1585 2038 incentium
1609 1989 1757 2036 XVII.
1783 2004 1886 2055 cap.
1909 1993 1993 2039 66.
2029 1987 2115 2040 ad-

228 2061 365 2129 iestis
386 2064 447 2115 de
467 2063 554 2116 suo
569 2066 770 2131 ingenio
799 2059 1042 2114 lutulento
1059 2062 1252 2130 ineptiis
1272 2057 1476 2130 aliquot,
1512 2059 1941 2130 quemadmodum
1963 2064 2112 2116 etiam

230 2136 294 2189 de
327 2136 480 2190 milvo
511 2138 654 2206 pisce.
759 2140 957 2189 Locum
990 2132 1200 2187 auctoris
1231 2131 1406 2185 Gallici
1436 2132 1500 2184 de
1529 2146 1696 2185 natura
1733 2152 1896 2186 rerum
1918 2139 2112 2205 repetiit

227 2206 477 2265 Albertus
507 2216 683 2263 XXIV.
705 2227 752 2278 p.
776 2228 896 2273 244.
916 2227 954 2261 a.
1039 2207 1248 2278 Ubique
1276 2202 1487 2276 Milago
1519 2206 1652 2259 audit
1671 2206 1747 2260 his
1785 2208 2112 2278 scriptoribus.

225 2288 280 2338 In
330 2280 764 2357 Pseudo-Ovidii
807 2283 1021 2336 Halieut.
1065 2283 1203 2334 versu
1237 2286 1321 2347 96.
1380 2284 1700 2333 nominantur
1735 2285 1878 2350 nigro
1914 2297 2115 2352 tergore

225 2358 376 2413 milvi.
451 2360 622 2430 Atque
643 2359 765 2411 haec
791 2357 996 2429 quidem
1017 2355 1369 2410 locaveterum
1389 2354 1680 2424 scriptorum
1700 2354 2015 2420 suntomnia,
2045 2377 2109 2412 ex

226 2432 408 2506 quibus
439 2433 680 2498 judicium
709 2450 861 2485 omne
889 2431 1085 2501 pendet.
1179 2429 1332 2483 Vides
1362 2427 1483 2482 ultra
1502 2425 1796 2491 Aristotelis
1828 2430 2110 2486 doctrinam

225 2512 526 2560 recentiores
569 2526 672 2560 non
701 2506 974 2576 progressos
1019 2504 1139 2567 effe,
1194 2502 1283 2556 nifi
1324 2517 1377 2555 ut
1406 2502 1613 2556 milvum
1655 2503 2003 2574 adiungerent,
2060 2521 2110 2561 et

226 2585 484 2653 utriusque
514 2581 734 2635 volatum
765 2581 1124 2648 distinguerent.
1209 2578 1496 2644 Adjungffln
1531 2597 1664 2630 nunc
1692 2577 1863 2633 Iocum
1894 2582 2112 2651 praecla-

223 2676 337 2710 rum
367 2656 427 2709 ab
457 2656 687 2711 omnibus
717 2654 948 2708 omissum
979 2673 1040 2707 ex
1064 2657 1365 2721 fragmento
1397 2651 1788 2706 Halieuticorum
1833 2652 2018 2715 Ovidii
2049 2655 2110 2710 ab

226 2728 440 2786 Hieron.
463 2727 706 2785 Columna
738 2730 899 2792 edito,
941 2727 1027 2781 ubi
1053 2729 1190 2782 versu
1213 2745 1298 2790 74.
1353 2740 1402 2779 et
1432 2726 1738 2798 sequentibus
1768 2730 2007 2784 Hirundo
2042 2732 2111 2783 fii-

225 2809 285 2858 tis
305 2805 549 2873 eleganter
571 2809 799 2875 pingitur.
888 2804 1172 2857 Dicendum
1193 2801 1390 2869 Illyricis
1413 2799 1581 2854 volitat
1601 2805 1688 2873 qui
1706 2804 1850 2872 piscis
1872 2809 1921 2856 in
1948 2805 2108 2867 undis,

225 2897 376 2951 quam
395 2881 545 2933 vastas
568 2879 744 2932 habeat
764 2883 889 2932 vires
912 2883 961 2931 in
982 2896 1222 2948 corpore3
1262 2878 1483 2947 quamvis
1507 2894 1639 2928 arma
1651 2876 1784 2929 haud
1810 2877 1902 2931 ulla
1913 2878 2108 2932 homini

226 2954 415 3006 dederit
436 2968 601 3006 natura
626 2954 855 3008 nocendi.
932 2953 1031 3023 Ipse
1052 2952 1178 3023 lupo
1198 2949 1409 3004 affimilis
1429 2968 1606 3020 parvo3
1649 2952 1874 3022 fetaeque
1902 2971 2108 3005 coman-

224 3042 299 3080 tes
327 3027 556 3081 demissae
596 3044 845 3082 extremae
876 3026 1097 3080 lambunt
1128 3027 1340 3080 confinia
1371 3023 1581 3085 caudae,
1631 3043 1984 3097 purpureoque
2011 3031 2107 3080 mi-

221 3116 335 3158 cant
367 3104 641 3159 tenuiffima
674 3102 801 3165 colla
821 3102 1007 3158 colore.
1084 3105 1133 3155 Si
1161 3099 1288 3157 forte
1323 3099 1614 3153 adventante
1643 3098 1724 3154 die
1758 3114 1907 3173 caput
1927 3099 2111 3229 -extcililit

1199 3179 1235 3230 P
1942 3194 2009 3231 un
2048 3181 2108 3240 is,
