2571 3775
1141 277 1434 298 ””“““““““““
2198 282 2226 332 3

340 412 539 471 partum
572 395 632 451 ab
659 398 767 449 ovis
792 393 1194 462 disrumpuntur,
1240 408 1369 463 quae
1406 408 1511 445 non
1549 403 1649 444 tam
1687 392 1840 446 multa
1863 411 2012 466 quam
2048 411 2225 464 magna

345 468 554 533 babent,
604 462 653 523 et
681 468 862 522 eodem
898 466 1057 520 modo
1094 483 1245 538 quam
1275 463 1546 534 phalangia.
1640 466 1808 520 Proles
1837 470 2111 523 circumdat
2143 481 2272 539 pti-³

345 562 562 606 rentem,
600 556 726 615 quae
745 546 867 595 intra
887 541 936 593 se
958 545 1111 611 parit3
1151 538 1379 611 etfiquis
1416 543 1658 609 tetigerit,
1697 540 1968 609 aufugiunt.
2043 543 2228 598 Gazae

345 610 495 674 verfio
523 616 693 671 habet:
745 615 1027 686 complures
1067 617 1172 681 ejus
1210 617 1406 681 generis
1445 614 1660 685 disrupto
1691 630 1740 668 et
1766 616 2045 670 dehiscente
2080 633 2223 672 utero

341 696 620 763 pariunt-
658 705 707 744 et
736 690 895 744 modo
927 688 1307 759 phalangiorum
1339 687 1505 759 proles
1531 704 1786 759 parentem
1820 692 1972 743 offusa
2011 696 2222 746 circum—

338 767 445 829 dat,
483 769 665 838 quippe
692 784 844 839 quam
871 765 1118 817 discedere
1149 764 1306 816 statim
1333 762 1484 832 prolis
1513 779 1656 816 amor
1679 783 1781 818 non
1803 763 1949 826 finat3
1986 779 2037 818 et
2055 765 2087 820 fi
2113 773 2221 823 teti-

335 844 482 908 geris,
506 840 713 909 fugiunt.
788 838 892 892 Ubi
912 837 1067 892 multa
1085 841 1261 909 partim
1271 834 1379 889 falsa
1394 842 1571 908 partim
1593 856 1618 891 a
1632 837 1844 892 lectione
1864 840 2051 909 vulgari
2065 840 2219 896 aliena

335 915 507 967 insunt.
582 913 715 969 Male
742 918 890 967 etiam
918 909 1131 967 Carnus:
1172 909 1273 966 Les
1299 909 1462 983 petits
1481 911 1540 965 de
1570 909 1670 966 l‘m‘
1711 910 1826 967 mille
1845 912 1907 985 se
1936 915 2219 986 repandemss

333 997 529 1042 αιιίοιιν
558 985 703 1043 d’elle
723 995 772 1041 et
791 986 822 1041 l’
844 994 1112 1042 emourewt
1131 1003 1312 1039 comme
1325 984 1453 1057 som*
1481 1003 1608 1039 ceux
1638 930 1764 1041 dila
1787 984 2074 1059 phalange.-
2126 1009 2219 1044 cm·

332 1059 398 1116 ils
429 1060 636 1136 eclofimt
661 1059 850 1133 altpt-‘ek
879 1060 917 1115 d
947 1058 1044 1115 elle.
1159 1064 1213 1112 In
1231 1077 1412 1129 graeco
1448 1060 1641 1115 Codice
1672 1060 1848 1129 legitur
1882 1062 2054 1131 vulgo:
2123 1063 2213 1140 χρὴ

329 1134 506 1214 ὥσπερ
542 1134 616 1196 τοὶ
664 1131 963 1216 φαλάγγια
991 1133 1070 1197 δὲ,
1125 1136 1523 1212 περικέχυντοᾌ·
1555 1132 1644 1212 aaz}
1677 1133 1798 1213 περὶ
1835 1132 1932 1210 τήν
1966 1133 2212 1213 βελόνην,

328 1212 410 1264 sed
435 1212 690 1266 Mediceus
715 1230 830 1264 cum
855 1209 1074 1264 verfione
1101 1210 1358 1275 Anonymi
1385 1208 1532 1263 verba
1568 1210 1742 1286 ὥσπερ
1782 1206 1854 1269 τοὶ
1879 1221 1941 1289 φ,
1980 1213 2042 1265 ad
2074 1232 2212 1284 prae-

329 1285 551 1339 cedentia
571 1285 719 1340 refert
742 1283 1071 1356 interpuncta,
1110 1282 1242 1356 quafi
1260 1282 1515 1353 phalangia
1537 1289 1685 1336 etiam
1711 1304 1926 1338 ovorum
1966 1293 2211 1356 magnitu-

327 1359 441 1414 dine
464 1361 847 1432 distumpantur3
915 1372 964 1412 et
987 1357 1172 1430 reiiqua
1200 1361 1260 1410 ita
1294 1357 1430 1426 legit:
1479 1359 1869 1437 wepme‘xvvrm
1905 1359 1962 1420 δὲ
1996 1361 2086 1439 nge}
2115 1378 2207 1416 etc.

327 1435 421 1488 Sed
457 1435 537 1489 vel
559 1440 621 1489 ita
646 1437 778 1488 deest
807 1452 1022 1495 nomen,
1062 1451 1163 1505 quo
1198 1432 1361 1504 proies
1401 1432 1712 1501 significetur.
1811 1429 2013 1490 Albertz
2053 1437 2207 1492 verfio

325 1505 495 1582 beleny
536 1529 628 1582 pro
679 1509 859 1564 belone
892 1510 1116 1563 nominat
1149 1521 1198 1560 et
1231 1506 1436 1561 obscure
1465 1512 1808 1578 interpretatur
1847 1509 1982 1562 hunc
2019 1509 2204 1566 locum.

322 1587 403 1637 De
430 1585 767 1654 magnitudine
805 1602 1019 1639 ovorum
1059 1586 1232 1652 repetit
1268 1579 1567 1653 Aristoteles
1598 1582 1659 1635 de
1688 1587 2022 1639 Generatione
2047 1591 2117 1639 Ill.
2154 1607 2203 1651 4.

324 1657 410 1712 ubi
441 1679 558 1713 cum
592 1658 668 1713 fit:
719 1659 813 1713 effe
850 1658 1042 1730 aliquos
1074 1657 1258 1728 pisceS,
1331 1661 1415 1729 qui
1444 1657 1800 1728 disrumpantur
1835 1674 2003 1730 parm,
2052 1661 2205 1717 veluti

322 1740 470 1787 acum
503 1734 821 1806 appellatam3
869 1732 983 1786 licet
1008 1733 1121 1785 inde
1147 1749 1359 1800 ,arguere
1384 1731 1549 1803 plures
1580 1733 1762 1803 pisceS‚
1818 1735 2001 1788 eodem
2041 1738 2207 1793 modo

323 1813 596 1880 viviparos'‚
658 1807 902 1862 veteribus
949 1810 1177 1875 cognitos
1219 1804 1385 1867 fuisse3
1454 1821 1537 1860 aut
1571 1826 1632 1859 ex
1665 1821 1774 1862 toto
1803 1811 2202 1878 Syngnathorum

322 1902 502 1952 genere
536 1903 687 1938 unam
725 1882 883 1937 modo
926 1882 1168 1953 speciem,
1217 1899 1393 1944 acum,
1439 1881 1644 1936 voluiffe
1688 1888 1946 1938 nominare
1982 1886 2200 1956 philoso-

320 1959 493 2029 phum.
567 1963 749 2012 Hieme
776 1976 944 2029 parere
967 1975 1114 2009 acum
1134 1959 1197 2008 H.
1217 1957 1281 2009 A.
1309 1960 1366 2009 V.
1403 1976 1421 2008 1
1443 1977 1483 2009 ι.
1519 1954 1583 2010 fel
1608 1957 1669 2010 ad
1692 1961 1824 2022 jecur
1848 1958 1991 2012 fitum
2016 1960 2198 2016 habere

321 2038 373 2086 II.
402 2053 482 2091 ις.
521 2032 733 2106 denique
757 2030 1042 2101 gregatilem
1075 2030 1169 2084 effe
1200 2045 1402 2085 annotat
1424 2030 1763 2102 Philosophus.
1857 2035 2030 2088 Redeo
2063 2055 2198 2090 nunc

320 2109 380 2160 ad
413 2112 628 2178 primum
660 2125 811 2179 quem
838 2106 1003 2176 posui,
1041 2104 1240 2167 locum,
1278 2124 1430 2177 quem
1452 2105 1538 2158 sub
1563 2111 1766 2160 nomine
1794 2101 1926 2161 balce
1948 2108 2042 2163 five
2063 2107 2198 2165 blace

320 2182 450 2255 quast
470 2182 619 2235 latino
635 2220 650 2244 ‚
687 2185 749 2233 ita
774 2185 1112 2250 interpretatur
1144 2174 1416 2232 Ali-bertus:
1475 2182 1560 2233 iste
1585 2185 1718 2237 enim
1735 2181 1873 2251 piscis
1893 2182 2039 2237 habet
2060 2187 2196 2239 addi-

317 2271 593 2310 tamentum
615 2255 870 2329 quoddam
895 2253 1119 2322 eiargans-
1141 2253 1283 2305 suum
1309 2267 1506 2306 uterum
1539 2254 1625 2307 sub
1646 2270 1816 2308 ventre
1844 2270 1892 2310 et
1928 2274 2068 2329 epate
2084 2298 2099 2322 ‚
2145 2275 2195 2313 et

315 2332 515 2405 quando
542 2334 758 2401 concipit
779 2348 898 2391 ova,
937 2341 1194 2381 remanent
1223 2346 1316 2381 ova
1344 2326 1483 2381 simul
1508 2331 1556 2382 in
1574 2331 1676 2400 ipio
1697 2344 1744 2383 et
1769 2336 2113 2387 continuantur
2132 2336 2193 2387 ad

315 2410 556 2470 invicem,
604 2420 652 2460 et
681 2424 784 2458 non
813 2407 1005 2475 pariunt
1029 2405 1102 2456 isti
1123 2402 1301 2473 pisces,
1343 2402 1429 2457 nisi
1455 2403 1503 2456 id
1523 2404 1727 2467 animal,
1765 2406 1902 2478 quod
1935 2426 2194 2476 generatur

316 2500 381 2535 ex
408 2484 513 2535 ovis
553 2481 672 2541 suis,
721 2478 802 2532 sed
835 2496 929 2532 ova
950 2476 1026 2530 illa
1047 2477 1308 2550 aliquando
1329 2481 1536 2530 retinent
1556 2483 1676 2532 intra
1708 2481 1755 2532 se
1781 2484 1832 2533 in
1856 2482 2193 2538 additamento

313 2554 594 2628 praedidio,
632 2554 725 2608 five
749 2556 1132 2679 ejiciaiffxtra,
1172 2556 1281 2624 quia
1302 2552 1501 2623 quando
1526 2555 1810 2607 efficiuntur⁴
1823 2557 2044 2611 animalia
2070 2563 2190 2612 intra

260 2643 268 2649 '
313 2636 364 2685 in
394 2631 756 2691 additamento,
805 2647 897 2699 pro
998 2641 1146 2680 untur
1179 2630 1227 2678 in
1255 2626 1347 2680 tela
1370 2625 1527 2680 subtili
1560 2642 1608 2681 et
1635 2645 1777 2682 erunt
1801 2631 1935 2684 oculi
1959 2646 2008 2685 et
2032 2649 2190 2687 cetera

315 2725 439 2767 uuae
463 2706 524 2758 ad
540 2721 869 2759 communem
890 2721 1104 2755 ovorum
1124 2701 1422 2771 piscinorum
1435 2701 1769 2757 exclusionem
1780 2710 2038 2775 pertinent,
2060 2709 2190 2762 male

313 2769 712 2834 antecedentibus
743 2777 956 2831 admista.
1069 2781 1123 2828 In
1151 2775 1242 2828 hac
1270 2779 1668 2846 interpretatione
1688 2779 1810 2834 mihi
1830 2779 2013 2851 placet,
2051 2784 2189 2855 quod

313 2850 558 2930 &iovem
598 2874 701 2908 non
737 2858 913 2906 rimam
960 2855 1297 2922 interpretatur
1328 2845 1601 2914 Amet-tus,
1667 2854 1750 2906 sed
1786 2855 2189 2910 additamentum.

311 2929 625 2982 Vocabulum
665 2933 799 2981 enim
843 2944 1077 2997 graecum
1125 2929 1278 2979 rimae
1341 2929 1601 2979 notionem
1645 2947 1747 2982 non
1802 2930 2040 2993 admittit,
2108 2932 2188 2985 sed

312 3003 650 3066 membranae„
688 3005 829 3072 offis,
869 3000 1222 3068 cartiiaginiSve
1243 2999 1447 3066 alicujus
1470 3018 1657 3071 partem
1683 3007 2012 3068 intertextam,
2039 3010 2186 3059 inter-

308 3093 592 3132 currentem
621 3092 671 3132 et
691 3077 1105 3131 discriminantem
1128 3079 1377 3149 requirere
1411 3077 1615 3130 videtur.
1692 3082 1752 3131 Et
1774 3076 1808 3133 fi
1826 3080 2008 3150 piscem
2032 3082 2190 3151 ipsum

1302 3151 1354 3202 A
1396 3167 1423 3201 2
2046 3174 2189 3208 accu-
