2571 3775
1981 338 2002 374 1
2016 331 2087 390 8¹97

193 458 359 510 evenit
389 453 653 524 grandibus
692 447 904 522 piscibus
942 446 1226 510 nonnullis,
1272 460 1328 499 ut
1366 445 1488 500 dum
1521 449 1742 503 minores
1777 447 2090 515 infeslantur,

196 526 493 583 ventriculus
513 529 574 581 ad
595 546 652 582 os
673 522 926 595 procidat.¹
948 551 1016 564 ——-
1095 523 1437 575 Ventriculum
1462 541 1619 575 unum
1649 539 1696 577 et
1714 522 1984 594 fimplicem
2005 527 2088 579 sed

194 602 355 659 forma
374 604 566 656 varium
587 598 795 659 habent3
835 597 1036 670 quidam
1061 599 1195 650 enim
1216 594 1359 668 plane
1374 596 1665 665 singularem
1687 596 1898 661 habent,
1936 600 2089 654 veluti

194 680 382 739 staruS,
421 679 505 747 qui
532 673 661 728 solus
693 676 840 727 etiam
875 672 1085 742 piscium
1114 675 1361 726 ruminare
1388 672 1617 725 creditur.
1682 673 1904 725 Intestina
1941 676 2095 725 etiam

193 750 425 821 simplicia
453 749 535 801 sed
557 748 787 819 replicata
807 748 940 809 sunt,
981 751 1044 799 ita
1077 760 1243 799 tamen
1275 759 1328 798 ut
1357 743 1494 799 facile
1525 750 1577 799 in
1596 765 1752 799 unum
1775 744 1946 801 resolvi
1978 746 2094 816 pos-

193 826 297 880 fint.
373 823 645 878 Peculiares
669 841 785 876 cum
809 820 978 875 avibus
1003 821 1157 892 pisces
1191 822 1534 874 intestinorum
1566 820 1865 890 appendices
1889 819 2090 882 babent,

192 917 304 953 aves
335 912 500 951 tamen
532 916 712 968 paucas
742 915 923 969 easque
954 895 1155 950 inferius
1192 893 1460 967 appositas,
1497 896 1652 965 pisces
1672 914 1793 949 vero
1812 898 1946 961 juxta
1971 913 2092 948 ven-

190 972 449 1035 triculum,
493 987 541 1026 et
562 973 762 1045 quidam
785 970 963 1025 multas
994 969 1202 1032 habent,
1240 969 1389 1023 veluti
1409 968 1619 1038 gobius,
1655 969 1921 1032 mustelus,
1962 976 2092 1049 (εγω-

189 1046 318 1117 λεός
338 1047 386 1099 h.
406 1046 434 1099 l.
456 1048 609 1115 gadus
632 1046 756 1113 lota)
777 1063 941 1116 perca,
979 1047 1213 1115 scorpius,
1248 1044 1476 1107 citharus,
1511 1043 1650 1112 trigla
1671 1058 1719 1097 et
1738 1045 1914 1114 sparus.
1971 1048 2091 1096 Mu-

189 1121 257 1189 gil
278 1125 413 1187 juxta
434 1121 767 1175 ventriculum
787 1125 838 1174 in
860 1138 963 1174 uno
988 1119 1137 1173 latere
1158 1117 1352 1181 multaS,
1372 1122 1421 1172 in
1444 1117 1598 1172 altero
1620 1137 1770 1171 unam
1782 1116 1942 1170 habet.
1980 1116 2091 1170 Ali-

190 1200 279 1267 qui
298 1213 505 1266 paucaS,
539 1195 674 1249 velut
691 1195 924 1266 hepatus,
959 1193 1162 1263 glaucus
1183 1208 1231 1246 et
1247 1207 1424 1246 aurata.
1482 1193 1730 1247 Differunt
1754 1207 1920 1246 tamen
1941 1195 2089 1245 etiam

188 1269 241 1323 hi
264 1273 389 1323 inter
408 1270 483 1332 se3
516 1269 649 1324 velut
669 1283 830 1323 aurata
859 1269 1017 1323 modo
1047 1267 1214 1339 plures
1238 1267 1403 1322 modo·
1429 1271 1649 1321 minores
1682 1285 1893 1320 numero
1921 1265 2088 1318 habet.

190 1343 507 1413 Quibusdam
536 1343 679 1415 plane
711 1344 907 1407 desunt,
945 1343 1096 1396 veluti
1126 1341 1349 1413 plurimis
1381 1341 1719 1411 cartilagineis
1803 1346 1882 1395 De
1908 1343 2092 1395 ventri·-

189 1417 306 1472 culo
337 1423 516 1472 iterum
548 1419 609 1472 de
637 1424 686 1472 P.
711 1420 776 1472 A.
806 1423 883 1471 ΙΙΙ,
910 1436 987 1482 14.
1018 1418 1252 1489 piscium,
1305 1421 1488 1489 inquit,
1540 1435 1698 1485 genus
1735 1417 1906 1469 dentes
1939 1414 2088 1468 habet

189 1490 291 1546 fere
315 1490 477 1547 totum
506 1493 710 1548 serratos
743 1507 793 1546 et
812 1507 1011 1555 acutOS,
1055 1491 1231 1565 quibus
1260 1490 1429 1544 cibum
1462 1491 1659 1554 dividit,
1699 1508 1986 1562 quanquam
2017 1488 2090 1541 le-

191 1570 346 1630 viter,
380 1571 618 1640 quoniam
649 1566 786 1621 cibus
819 1568 905 1619 diu
932 1571 984 1620 in
1012 1586 1101 1621 ore
1121 1570 1423 1621 commorari
1453 1585 1556 1622 non
1586 1568 1759 1637 potest.
1832 1565 1919 1618 Ad
1948 1565 2090 1616 usum

188 1642 543 1712 concoquendi
577 1641 723 1714 aliqui
743 1641 1074 1695 ventriculum
1104 1646 1271 1695 avium
1290 1660 1434 1696 more
1469 1639 1650 1693 habent
1677 1640 1963 1700 carnosum,
2004 1655 2097 1689 ve-

188 1713 276 1768 luti
301 1715 485 1784 mugilj,
515 1715 593 1767 alii
616 1719 751 1782 juxta
774 1716 1102 1769 ventriculum
1134 1717 1431 1785 appendices
1457 1715 1691 1786 appofitas
1714 1714 1918 1776 multas,
1954 1727 2013 1765 ut
2038 1715 2089 1764 in

189 1793 273 1853 iis>
325 1789 465 1843 velut
491 1793 540 1858 in
568 1789 775 1844 lacubus
809 1790 1226 1867 (προλακκιόις)
1259 1788 1429 1842 cibum
1468 1790 1727 1844 condi-tum
1757 1802 2008 1841 macerent
2041 1798 2092 1838 et

189 1869 507 1936 concoquant
530 1892 600 1906 —-
676 1868 851 1918 Genus
874 1865 1085 1934 piscium
1107 1882 1286 1928 omne,
1321 1869 1558 1936 quoniam
1582 1864 1748 1917 cibum
1772 1868 1937 1916 minus
1964 1860 2093 1914 bene

190 1939 445 2006 conficere·
462 1939 647 2009 potest,
682 1939 932 2011 crudaque
965 1941 1149 2006 egerit,
1186 1955 1340 1991 vorax
1372 1952 1423 1990 et
1450 1940 1679 2006 gulosum
1712 1941 1792 1992 est.
1869 1942 1946 1991 De
1972 1939 2093 2003 jeci-

191 2031 313 2067 nore
340 2016 519 2065 iterum
549 2013 611 2065 de
639 2011 865 2067 Partibus
884 2017 956 2065 111.
982 2030 1029 2076 7.
1066 2025 1120 2064 ut
1154 2015 1280 2064 inter
1308 2013 1658 2084 quadrupedes
1689 2012 1882 2083 lepores
1911 2008 2090 2063 alicubi

188 2089 326 2153 jecur
354 2101 517 2140 totum
547 2087 756 2140 divisum
783 2090 835 2140 in
863 2087 984 2140 duas
1013 2100 1199 2157 partes,
1252 2090 1316 2139 ita
1349 2105 1411 2139 ex
1441 2087 1649 2157 piscibus
1690 2092 1836 2140 etiam
1869 2085 2091 2158 quidam,

189 2165 452 2231 praecipue
481 2159 777 2229 cartilaginei
805 2160 1002 2214 habent.
1101 2164 1179 2213 De
1209 2161 1484 2214 ventriculo
1518 2162 1739 2215 dubitare
1767 2161 1910 2223 licet,
1964 2178 2089 2211 num

189 2254 305 2288 vere
329 2234 623 2308 quibusdam
642 2235 703 2287 ad
723 2255 782 2289 os
800 2236 1056 2305 procidat,
1090 2252 1150 2287 an
1172 2239 1336 2305 potius
1359 2235 1645 2290 membrana
1676 2240 1726 2288 in
1747 2234 1941 2289 maxilla
1967 2231 2087 2287 infe-

190 2314 320 2363 riore
359 2309 529 2362 adnata
574 2323 720 2381 atque
769 2308 1008 2379 explicata
1051 2306 1179 2362 forte
1228 2310 1442 2380 speciem
1482 2309 1739 2364 ventriculi
1788 2310 2091 2382 procidentis

187 2383 465 2455 praebuerit
494 2386 594 2450 jam
625 2383 748 2438 olim
780 2382 1100 2456 piscatoribus
1135 2386 1206 2436 uti
1235 2397 1283 2436 et
1311 2385 1501 2438 nostris.
2077 2384 2082 2391 ’

337 2507 417 2556 De
432 2506 656 2570 *jecinore
679 2507 742 2555 H.
761 2503 825 2556 A.
857 2507 930 2554 111.
960 2519 1039 2566 17.
1093 2504 1241 2563 Jecur
1272 2521 1299 2555 e
1330 2503 1591 2557 visceribus
1623 2508 1671 2557 in
1704 2502 1957 2558 nonnullis
1988 2505 2093 2555 ani-

191 2575 402 2632 malibus
428 2578 574 2647 adipe
599 2579 813 2640 conssat,
853 2591 907 2630 ut
928 2580 1053 2629 inter
1075 2577 1233 2646 pisces
1253 2577 1605 2646 cartilagineis,
1645 2598 1861 2650 quorum
1884 2597 1944 2630 ex
1974 2581 2093 2643 jeci-

193 2671 318 2706 nore
342 2651 614 2724 colliquato
646 2652 817 2706 oleum
840 2649 1062 2704 facimus.
1139 2650 1223 2721 lpfi
1244 2665 1410 2704 tamen
1439 2652 1736 2721 cartilaginei
1766 2656 1920 2723 pisces
1951 2651 2091 2704 nulio

194 2726 335 2798 plane
358 2727 502 2798 adipe
530 2726 757 2780 carnibus
780 2723 1119 2780 ventriculove
1147 2724 1440 2779 adhaerente
1465 2729 1803 2796 pinguescunt.
1880 2728 2089 2779 Piscium

194 2805 517 2870 oviparorum
539 2805 684 2855 etiam
705 2819 860 2869 genus
882 2800 1076 2870 adipem
1094 2816 1310 2868 generat,
1338 2805 1421 2872 qui
1445 2820 1547 2854 non
1571 2802 1868 2870 coagulatur.
1905 2803 2090 2854 Omnia

194 2875 418 2928 annualia
456 2891 536 2928 aut
566 2875 788 2929 carnibus
818 2876 1042 2946 permista
1084 2873 1167 2927 aut
1206 2875 1384 2927 secreta
1416 2877 1720 2945 pinguedine
1752 2876 2088 2946 pinguescunt,

196 2953 340 3018 Quae
360 2951 590 3003 secretam
614 2971 714 3005 non
745 2949 952 3012 habent,
995 2966 1048 3002 ea
1074 2953 1241 3003 minus
1272 2953 1322 3001 in
1359 2964 1526 3002 ventre
1550 2967 1859 3013 emeritoque
1880 2952 2086 3019 pingue.-

190 3025 346 3085 scunt,
379 3024 511 3077 velut
533 3025 766 3092 anguilla3
798 3024 1007 3095 plurima
1029 3042 1139 3097 pars
1161 3039 1329 3079 ventre
1350 3025 1642 3095 pinguescit,
1680 3028 1940 3096 praecipue
1952 3041 2086 3096 'quae

186 3116 363 3170 parum
384 3100 431 3153 le
454 3116 659 3155 movent
680 3098 919 3154 animalia.

1164 3208 1253 3262 Aa
1297 3223 1323 3271 3
2000 3212 2081 3262 De
