2571 3775
425 372 524 421 108
1217 365 1510 393 --““““·’
1486 366 1500 371 ”

421 489 546 547 velle
577 497 703 561 puto
733 484 989 543 auctorem
1018 485 1128 555 libri
1157 485 1220 541 de
1248 501 1418 541 natura
1447 506 1615 541 rerum
1645 488 1774 560 apud
1809 484 1874 545 V
1868 484 2137 544 immitium
2166 494 2318 547 XVII.

425 561 529 639 cap.
559 585 636 628 17.
671 563 808 637 quod
833 563 894 617 de
919 557 1105 618 Kilom
1127 562 1407 634 inscriptum
1428 565 1508 617 est.
1585 563 1682 617 Sed
1701 567 1752 618 in
1776 565 1871 635 ipsa
1895 568 2150 629 oratione,
2183 569 2352 635 chy-2·

426 643 538 703 lon,
593 637 778 711 inquit,
819 640 887 691 est
921 637 1100 690 animal
1141 641 1387 690 marinum
1423 636 1564 709 quod
1595 652 1766 692 contra
1796 653 1996 708 naturae
2029 647 2319 696 communis

429 715 660 771 ordinem
683 712 828 766 habet
847 713 998 782 hepar
1023 710 1304 778 infinistro,
1351 710 1483 781 splen
1517 713 1570 763 in
1603 712 1794 766 dextro.
1881 714 2034 766 Unde
2068 712 2333 770 Albertus

431 787 833 859 XXIV.‘p.‘243.
858 785 904 838 b.
961 785 1136 838 eadem
1169 785 1231 838 de
1263 802 1356 848 e0„
1417 786 1555 859 quod
1583 785 1647 838 illi
1678 782 1868 859 Kykon
1900 788 2061 851 audit,
2105 790 2319 844 animale

432 879 502 919 tra
529 868 551 921 f
599 922 602 925 ¹
662 860 758 913 Sed
780 864 880 927 jam
903 857 1027 913 olim'
1044 855 1331 931 Aristoteles
1356 864 1553 914 monuit
1581 864 1645 912 H.
1666 861 1730 914 A.
1756 865 1808 913 Π.
1841 879 1919 924 17.
1960 861 2111 915 talem
2132 864 2318 936 hepatis

434 952 483 992 et
507 937 646 990 lienis
666 933 808 988 fitum
828 938 874 987 in
895 932 1292 1006 quadrupedibus
1316 947 1507 987 tantum
1526 932 1777 1005 repertum
1799 947 1848 987 et
1869 953 1960 1005 pro
1977 938 2209 1006 prodigio
2234 940 2321 992 ha-

434 1012 594 1065 bitum
614 1008 764 1062 fuiffe.
818 1008 955 1062 Idem
975 1012 1147 1078 repetit
1169 1007 1230 1060 de
1255 1010 1383 1061 Gen.
1404 1013 1482 1062 IV.
1505 1027 1609 1078 cap.
1633 1029 1682 1069 4.
1746 1005 1975 1080 Oppiam.
1997 1015 2051 1062 Π.
2067 1029 2171 1062 200
2191 1014 2321 1085 seqq.

433 1087 830 1141 Hemerocoiten
854 1082 1005 1136 veluti
1029 1084 1260 1136 omnium
1279 1082 1483 1152 piscium
1503 1082 1848 1146 stultiffimum,
1891 1098 1940 1136 et
1959 1087 2323 1150 inertiffimum,

436 1162 541 1216 t'am
560 1159 842 1213 inexhausta
862 1156 958 1209 cibi
980 1157 1246 1227 cupiditate
1260 1174 1322 1209 eo
1341 1157 1613 1226 procedere
1629 1161 1778 1220 canit,
1809 1158 1974 1229 quoad
1988 1157 2102 1213 cibo
2119 1163 2323 1215 onustus

439 1248 686 1307 ruptoque
708 1246 878 1287 ventre
898 1233 1093 1302 supinus
1112 1230 1383 1301 prociderit
1404 1246 1487 1295 aut
1515 1251 1539 1284 a
1553 1235 1729 1303 quovis
1752 1234 1883 1301 pisce
1903 1250 2196 1287 occurrente
2218 1234 2322 1289 fue-

442 1315 503 1365 rit
524 1308 724 1364 occisus.
788 1307 1160 1375 Argumentum
1184 1304 1325 1373 gulae
1348 1305 1619 1359 insatiabilis
1641 1306 1741 1360 hoc
1765 1307 1858 1360 effe
1880 1311 1970 1368 ait3
2006 1309 2142 1381 quod
2163 1309 2196 1363 fi
2214 1307 2328 1382 quia-

443 1389 489 1439 ei
514 1397 658 1454 capto
679 1381 848 1434 cibum
868 1379 1132 1448 objecerit,
1165 1380 1298 1433 suam
1327 1379 1595 1433 satietatem
1622 1381 1808 1433 tamdiu
1839 1382 2064 1449 superare
2101 1400 2326 1448 conatur,

445 1458 567 1512 dum
593 1456 733 1510 cibus
748 1469 1069 1524 exaggeratus
1091 1458 1141 1506 in
1162 1473 1220 1508 os
1239 1454 1493 1510 redundet.
1567 1459 1717 1508 Hunc
1738 1457 1946 1509 interdiu
1965 1461 2016 1509 in
2037 1477 2180 1512 arena
2193 1459 2327 1512 abdi-

444 1547 552 1600 tum
578 1532 869 1592 dormitare,
908 1527 1061 1582 nodlu
1083 1547 1202 1582 vero
1225 1529 1414 1596 surgere
1434 1543 1484 1582 et
1511 1529 1744 1599 praedam
1767 1534 1924 1584 ventri
1949 1550 2214 1603 quaerere;
2257 1548 2326 1588 at-

445 1620 543 1681 que
563 1606 677 1658 inde
703 1609 853 1658 etiam
866 1603 1261 1674 vespertilionem
1285 1603 1346 1656 ab
1367 1602 1469 1657 aliis
1487 1603 1730 1674 appellari.
1826 1605 2020 1661 Oculos
2051 1611 2100 1660 in
2127 1609 2325 1663 summo

447 1685 605 1752 capite
625 1680 807 1732 fiirsum
828 1679 989 1733 versos
1018 1676 1196 1740 habet,
1231 1697 1288 1732 os
1318 1697 1438 1732 vero
1469 1679 1798 1733 immodicum
1827 1681 2024 1734 medios
2057 1686 2180 1735 inter
2205 1676 2327 1737 ocu·-

447 1752 523 1810 fos
545 1754 768 1825 positum.
852 1754 1238 1822 Uranoscopum
1259 1757 1486 1806 nominat
1513 1768 1703 1806 tantum
1739 1750 1964 1808 Galenus
1998 1756 2059 1809 de
2089 1758 2192 1810 Usu
2216 1763 2327 1810 Par-

448 1835 573 1884 tium
594 1834 668 1882 ΠΙ.
694 1848 736 1890 3.
810 1828 896 1880 Ad
923 1846 1037 1880 euni
1059 1828 1246 1898 piscem
1274 1825 1404 1879 rec‘le
1425 1823 1576 1880 Conr.
1599 1825 1792 1898 Gefher
1812 1825 1966 1899 refert,
1987 1829 2190 1898 gloffam
2222 1829 2326 1886 He-

435 1901 611 1978 sychii
640 1903 722 1955 ubi
744 1896 1066 1977 οἷνωδόρχας,
1107 1901 1245 1973 quod
1274 1901 1485 1954 eandem
1504 1900 1650 1954 habet
1670 1905 1931 1955 notionem
1951 1922 2066 1957 cum
2090 1905 2326 1976 anablepe

450 1993 500 2033 et
521 1977 856 2046 uranostopo,
899 1991 947 2029 et
973 1975 1201 2029 bricchus
1234 1980 1514 2052 (βρίκχος,
1553 1979 1802 2055 βρίγκος)
1836 1976 1978 2046 piscis
2015 1996 2040 2031 a
2065 1979 2326 2034 Thebanis

450 2050 676 2123 appellari
703 2051 916 2103 traditur.
971 2050 1067 2102 Sed
1086 2049 1317 2103 bricchus
1338 2053 1529 2104 videtur
1550 2049 1736 2105 alienus
1758 2049 1880 2113 effe,
1924 2066 1974 2104 et
2001 2052 2112 2108 alibi
2149 2054 2209 2107 ab
2240 2073 2327 2109 eo-

452 2126 569 2180 dem
596 2121 846 2198 Hcfijcliio
867 2124 926 2177 ad
949 2138 1174 2178 cetaceos
1204 2125 1358 2194 pisces
1383 2123 1602 2177 refertur.
1682 2126 1837 2193 Qiod
1861 2128 2070 2180 interdiu
2097 2133 2145 2181 in
2168 2134 2325 2184 arenis

451 2201 606 2254 latitat
626 2199 888 2262 conditus,
927 2198 1043 2252 hinc
1067 2203 1213 2252 etiam
1236 2193 1531 2272 gboeticpwdzfr
1587 2255 1591 2259 ,
1618 2197 1804 2251 elifium
1839 2201 1982 2252 tradit
2008 2199 2329 2274 Hcfischr'm5

453 2275 590 2349 quod
614 2272 913 2328 vocabulum
937 2274 1074 2325 idem*
1105 2275 1171 2325 est
1192 2292 1307 2324 cum
1327 2223 1662 2338 Ammosste³
1711 2291 1812 2343 quo
1837 2272 2018 2328 Arretii
2047 2280 2096 2328 in
2121 2276 2220 2331 alio
2241 2296 2327 2346 ge·
2351 2298 2354 2299 ⁷

456 2367 573 2403 nere
599 2349 709 2401 usus
730 2349 811 2400 est.
887 2352 1087 2399 Nomen
1115 2346 1495 2399 hemerocoetes
1528 2365 1644 2398 cum
1675 2345 1954 2414 callionymi
1983 2349 2213 2411 junctum·
2240 2370 2326 2405 ex-

457 2423 605 2494 plicat
627 2422 760 2474 idem
790 2416 1085 2493 Hesychius.
1177 2417 1255 2473 De
1287 2419 1404 2473 loco
1432 2417 1645 2491 Diphili
1679 2422 1808 2490 apud
1845 2419 2176 2489 Athenaeum,
2209 2430 2325 2481 Vm.

456 2515 502 2568 p.
530 2502 645 2557 356.
684 2494 894 2547 dubitari
916 2496 1086 2564 potest.
1170 2494 1366 2562 Vulgati
1396 2498 1528 2546 enim
1561 2493 1666 2546 libri
1693 2494 1761 2547 ibi
1791 2495 2000 2552 habent:
2053 2498 2333 2577 έρχμοσχᾶ-

455 2594 554 2640 πος
584 2568 639 2629 δὲ
670 2566 759 2645 W>
788 2570 812 2627 ὁ
839 2565 1001 2648 οἵγνος
1033 2563 1332 2641 κοιλέμενος
1359 2564 1391 2642 ἢ
1418 2565 1508 2644 nge)
1548 2564 1914 2643 καλλιώνυμος
1943 2577 2147 2649 βαρεῖς,
2197 2574 2333 2648 quast

456 2646 517 2697 de
548 2642 742 2697 duobus
773 2643 964 2697 diversis
988 2642 1194 2713 piscibus
1227 2644 1388 2695 sermo
1416 2642 1494 2702 fit3
1544 2657 1712 2695 contra
1749 2662 1866 2697 vero
1898 2644 2228 2702 Rondeletius
2259 2650 2328 2704 le-

456 2719 676 2789 gendum
697 2715 895 2787 putabat
931 2720 955 2776 ὁ
983 2714 1071 2795 2492>
1104 2712 1539 2797 ἅγνος-βαρῦς,
1591 2732 1645 2769 ut
1671 2717 1804 2770 idem
1835 2718 2179 2788 callionymus,
2217 2742 2328 2778 ura-

457 2794 702 2862 noscopus
729 2801 776 2844 et
795 2786 952 2860 agnus‘
974 2790 1254 2861 appellatur.
1330 2795 1476 2844 Ratio
1502 2795 1716 2844 nominis
1740 2811 1841 2844 non
1865 2797 2084 2863 apparet!
2147 2800 2326 2853 Graeci

457 2866 985 2936 Constantinopolitani
1005 2866 1157 2920 hodie
1176 2860 1491 2942 βάτραχον,
1526 2869 1553 2917 i.
1580 2884 1621 2918 e.
1646 2884 1834 2928 ranam,
1869 2871 2181 2935 Smyrnenses
2205 2888 2331 2928 vero

454 2947 659 3009 βὲξῃωι,
702 2945 729 2993 i.
755 2960 797 2993 e.
833 2939 1098 3002 bufonem,
1137 2955 1221 2993 aut
1258 2933 1487 3015 λύχνον,
1529 2943 1558 2992 i.
1585 2958 1626 2992 e.
1667 2939 1920 2993 lucernam
1951 2938 2216 3013 appellant,
2257 2963 2328 3001 te-

457 3006 605 3069 stante
635 3012 692 3069 F
689 3010 865 3087 orsko'l'
887 3019 937 3067 in
962 3016 1180 3084 descript.
1199 3013 1415 3066 Animal.
1442 3033 1487 3083 p.
1510 3018 1633 3066 XIV.
1712 3013 1913 3085 Reliqua
1944 3036 2069 3089 quae
2100 3021 2158 3073 ad
2181 3022 2328 3075 histo-

456 3093 582 3141 riam
615 3088 891 3144 litterariam
914 3088 1132 3160 spediant
1159 3089 1298 3159 piscis
1310 3124 1325 3151 ‚
1387 3087 1503 3141 dedi
1532 3091 1585 3141 in
1627 3090 1845 3142 Excursu
1874 3095 1926 3142 11.
1971 3093 2032 3145 ad
2070 3091 2333 3148 Aelianum

456 3178 503 3231 p.
533 3179 650 3228 573.
671 3164 802 3234 seqq.
2330 3169 2331 3173 ’

2113 3220 2329 3322 Τρίγλὴ,
