2571 3775
1014 358 1305 381 ··-··“··“·“·
1998 365 2105 416 219

365 479 580 537 Piscibus
614 476 699 532 sub
728 472 1098 545 diaphragmate
1130 475 1181 525 in
1211 483 1382 526 ventre
1412 472 1584 528 medio
1621 475 1886 545 candidum
1942 491 1993 530 et
2029 493 2103 532 te-

216 566 371 614 nuem
399 554 663 609 utriculum
694 567 804 603 aere
831 547 1036 619 plenum
1069 545 1189 608 effe,
1230 550 1316 618 qui
1347 561 1566 601 natantes
1597 551 1645 601 in
1665 549 1908 602 summam
1926 551 2102 605 evehat

216 649 428 706 aquam3
465 627 567 680 aliis
591 637 760 678 contra
795 620 1033 676 conclave
1060 620 1284 673 medium
1315 624 1439 673 inter
1468 625 1808 691 peritonaeum
1837 636 1884 674 et
1914 624 2103 691 spinam

214 725 328 761 aere
346 701 599 769 turgidum
620 698 729 751 effe.
773 698 843 766 (p.
868 697 980 762 47.)
1074 693 1302 747 Fabricae
1335 695 1529 749 alterius
1566 695 1853 766 exemplum
1884 695 1967 749 etfi
1997 716 2100 752 non

216 780 316 834 edit
335 771 630 834 Sauriam,
658 770 845 824 clarum
865 784 1032 822 tamen
1053 770 1120 822 est
1145 787 1260 822 eum
1287 769 1345 820 ad
1365 788 1626 839 percarum
1649 770 1933 823 etfimilium
1947 789 2104 838 genus

214 848 486 921 respexisse,
560 852 698 900 Haec
728 848 849 899 aeris
870 842 1175 913 receptacula
1203 861 1305 896 non
1337 857 1437 896 tam
1472 847 1679 907 natatui,
1726 862 1874 917 quam
1906 846 2103 915 respira-

213 929 336 979 tioni
357 924 530 981 servire
553 924 725 974 censet.
802 923 1049 972 Praeterea
1065 935 1246 987 corpus
1267 915 1482 988 aliquod,
1509 937 1572 971 eo
1592 921 1742 989 usque
1761 914 2008 987 ignotum,
2029 919 2103 972 bi-

213 999 403 1060 fidum,
438 994 735 1067 pulmonum
762 992 931 1046 locum
949 990 1202 1053 obtinere,
1246 992 1382 1061 quod
1405 1005 1515 1043 ante
1536 992 1847 1062 diaphragma
1869 1008 2104 1048 exortum

216 1073 280 1126 ad
299 1072 483 1142 hepatis
504 1069 648 1122 latera
671 1067 994 1128 distendatur,
1021 1082 1087 1117 eo
1108 1064 1300 1117 fortasse
1324 1063 1529 1118 confilio
1546 1103 1560 1127 ‚
1599 1079 1653 1117 ut
1677 1079 1726 1118 et
1747 1065 1807 1117 ad
1835 1065 1920 1119 has
1940 1084 2102 1135 partes

218 1151 342 1200 aeris
358 1145 657 1198 beneficium
680 1139 958 1212 perferatur.
1037 1138 1310 1209 Suspicatur
1327 1142 1472 1206 igitur
1493 1139 1703 1208 piscibus
1725 1156 1749 1191 a
1766 1140 1955 1192 summa
1978 1158 2103 1213 aqua

215 1218 394 1273 auram
424 1218 661 1271 hausturis
693 1220 927 1287 proximo
957 1216 1006 1265 in
1030 1212 1146 1266 loco
1168 1211 1432 1266 collocatas
1460 1213 1554 1266 effe
1582 1212 1864 1276 branchias,
1905 1232 1966 1267 ex
1994 1218 2103 1287 qui-

217 1293 311 1347 bus
342 1293 520 1346 deinde
553 1311 635 1344 aer
663 1294 714 1342 in
748 1291 974 1343 arteriam
1006 1285 1268 1356 spiritalem
1293 1300 1343 1339 et
1369 1305 1521 1356 porro
1546 1292 1595 1340 in
1614 1287 1879 1357 pulmones
1903 1287 2104 1342 transfe-

218 1383 363 1434 ratur.
438 1364 660 1419 Veficam
680 1367 825 1432 igitur
847 1365 1136 1415 natatoriam
1166 1360 1318 1428 vulgo
1347 1360 1528 1414 (lissam
1558 1366 1656 1415 aeri
1686 1362 1954 1416 condendo
1987 1382 2105 1433 pro-

220 1441 508 1512 mendoque
531 1442 696 1509 potius
716 1438 904 1490 servire.
1012 1439 1120 1488 Nec
1149 1438 1374 1505 opinioni
1401 1435 1517 1488 huic
1549 1435 1739 1489 obstare
1770 1436 2106 1506 diaphragma,

221 1535 326 1587 quo
362 1516 466 1568 vasa
499 1514 601 1566 duo
631 1514 901 1582 posteriora
937 1527 963 1561 a
994 1508 1238 1562 branchiis
1273 1523 1321 1562 et
1351 1510 1504 1562 corde
1534 1508 1625 1564 fint
1664 1509 1928 1575 disjunclffi
2003 1511 2105 1565 dia-

220 1589 458 1660 phragma
480 1591 612 1639 enim
634 1586 766 1638 hunc
787 1589 930 1638 unice
952 1582 1133 1636 habere
1156 1585 1322 1646 usum,
1362 1598 1415 1636 ut
1444 1584 1549 1637 vasa
1574 1582 1788 1654 duplicia
1808 1603 1870 1637 ex
1889 1587 2107 1650 jecinore

219 1663 407 1716 sursum
442 1661 779 1714 adscendentia
805 1659 868 1712 ad
897 1677 985 1711 cor
1013 1657 1233 1711 traducat
1262 1672 1310 1710 et
1334 1658 1514 1711 firmet.
1569 1661 1644 1729 (p.
1664 1659 1777 1723 49.)
1815 1662 1986 1729 Biceps
2016 1663 2107 1713 ini-

219 1741 348 1794 tium
369 1734 487 1790 vafis
508 1737 639 1788 tertii
667 1732 849 1803 duplex
872 1731 1172 1802 pulmonum
1194 1746 1339 1801 caput
1362 1730 1554 1786 referre.
1647 1731 1843 1786 Veficae
1876 1734 2017 1786 usum
2047 1734 2109 1787 ad

221 1809 557 1883 respirandum
589 1809 862 1861 institutum
897 1823 959 1858 ex
1002 1823 1065 1859 eo
1108 1804 1441 1875 comprobare
1475 1809 1669 1868 nititur,
1709 1807 1847 1879 quod
1881 1806 2018 1860 nacla
2041 1810 2110 1863 est

220 1884 429 1939 veficula
458 1882 675 1936 arculam
708 1879 889 1934 affabre
916 1878 1106 1933 fibimet
1135 1880 1571 1933 accommodatam
1606 1884 1817 1934 carinata
1851 1880 1970 1935 huic
2003 1884 2108 1937 usui

221 1961 369 2031 spina.
445 1962 583 2011 Haec
606 1957 713 2009 sunt
736 1955 830 2025 ipsa
851 1950 1087 2008 Severini
1108 1952 1272 2016 verba,
1293 1953 1469 2025 quibus
1488 1953 1606 2026 quid
1628 1952 1713 2007 fibi
1734 1954 1961 2019 voluerit,
1981 1976 2108 2010 non-

224 2035 348 2088 dum
368 2034 620 2104 perspicio.
702 2034 782 2082 De
801 2030 933 2098 spina
958 2025 1131 2080 dorlali
1154 2041 1254 2080 tota
1278 2025 1415 2098 loqui
1433 2029 1652 2089 videtum·
1691 2047 1783 2081 nec
1806 2029 1867 2082 de
1887 2030 2108 2084 vertebra

225 2108 387 2182 aliqua
407 2105 657 2176 singulari,
697 2107 777 2158 cui
801 2102 981 2157 vesicae
1003 2114 1146 2172 caput
1169 2101 1223 2155 fit
1248 2100 1528 2170 alligatum,
1567 2100 1772 2155 velutin
1796 2107 2017 2174 cyprinis.

373 2222 468 2271 Pro
498 2216 651 2269 alt'ero
671 2226 965 2282 argumento
984 2214 1125 2282 ponit
1141 2210 1423 2278 digniorem
1446 2210 1573 2264 hanc
1604 2208 1840 2264 fabricam
1866 2213 2019 2267 videri
2047 2217 2108 2269 ad

225 2292 488 2362 respirandi
508 2307 658 2361 quam
678 2288 739 2340 ad
765 2286 959 2341 natandi
982 2286 1121 2339 ufiun
1141 2286 1378 2347 instituta,
1413 2289 1654 2356 quoniam
1672 2285 1736 2338 'ad
1758 2285 1964 2341 veficam
1982 2289 2108 2343 hanc

225 2370 469 2421 institutae
500 2364 588 2417 fint
622 2377 669 2415 et
701 2365 912 2414 reflexae
942 2360 1004 2412 de
1039 2357 1368 2428 Fupe'rioribus
1400 2377 1556 2412 venae
1584 2360 1665 2412 seu
1696 2364 1858 2414 verius
1888 2368 2107 2427 arteriae,

229 2441 292 2493 de
313 2438 502 2510 spiritali
532 2452 744 2508 utroque
772 2454 911 2489 ramo
942 2447 1236 2487 recurrente.
1349 2437 1584 2505 Denique
1609 2432 1791 2487 veficae
1820 2436 2109 2493 incumbere

229 2514 432 2587 plexum
457 2510 668 2565 arteriofi
691 2513 880 2578 generis
898 2507 1087 2563 fortafl‘e
1102 2544 1116 2569 ‚
1164 2510 1247 2579 qui
1269 2522 1462 2576 paratus
1481 2507 1534 2560 fit
1558 2506 1618 2560 ad
1639 2510 1991 2564 attenuandum
2013 2512 2111 2567 ela-

232 2588 609 2658 borandumque
631 2603 824 2646 aerem,
863 2587 947 2656 qui
970 2582 1226 2634 deducitur
1248 2581 1307 2632 ad
1328 2580 1448 2633 illud
1469 2581 1718 2636 conclave.
1759 2587 1829 2653 (p.
1860 2588 1981 2652 50.)

378 2682 600 2732 Primum
632 2676 695 2729 de
725 2673 875 2728 vesica
908 2672 1190 2731 videamus3
1237 2670 1416 2724 deinde
1445 2669 1736 2725 docebimus
1764 2691 1826 2725 ex
1857 2674 1952 2729 alio
1973 2675 2106 2738 loco,

232 2769 381 2826 quam
409 2767 597 2823 partem
615 2749 914 2821 pulmonum
934 2745 1088 2801 verbo
1110 2744 1316 2813 intelligi
1348 2743 1561 2799 voluerit
1604 2742 1891 2802 Severirms.

308 2890 315 2895 ,
383 2852 437 2899 In
463 2845 646 2900 veficae
680 2847 910 2898 interiore
939 2846 1122 2912 pariete
1162 2839 1421 2894 asellorum
1454 2843 1646 2908 generis
1687 2860 1866 2912 corpus
1903 2841 2108 2898 rubrum

233 2920 459 2977 foliatum
488 2938 550 2973 ex
586 2917 923 2972 membranula
956 2918 1062 2970 latis
1093 2933 1329 2983 magnum
1362 2918 1611 2968 annotavit
1645 2930 1693 2967 et
1721 2921 1877 2985 pinxit
1911 2913 2109 2971 llloaro

233 3015 342 3068 pag.
369 3007 451 3052 28.
485 2992 614 3045 Tab.
632 2999 738 3047 XV.
758 2995 838 3061 fig.
860 3011 907 3056 4.
936 3011 979 3053 ς.
1054 2995 1231 3044 Monet
1254 3003 1502 3059 praeterea
1521 2992 1570 3040 in
1591 2987 1690 3041 hoc
1704 2991 1907 3058 piscium
1931 3008 2111 3057 genere

233 3069 417 3137 nullam
438 3067 618 3121 veficae
642 3086 757 3119 cum
783 3065 1094 3135 oesophago‚
1133 3077 1213 3117 aut
1234 3062 1508 3116 ventriculo
1531 3076 1612 3115 aut
1632 3066 1864 3118 intestinis
1885 3083 2114 3118 commu-

234 3148 441 3200 nionem
461 3160 715 3214 apparere3
750 3156 919 3196 contra
947 3139 1032 3194 ubi
1060 3158 1177 3194 cum
1209 3136 1494 3208 oesophago
1518 3136 1670 3192 vefica
1697 3136 1752 3193 fit
1782 3157 2025 3266 connexe&
2024 3158 2113 3208 per

527 3238 535 3243 ·
1187 3218 1265 3266 Ee
1307 3230 1336 3264 2
1911 3213 1975 3266 du
2031 3216 2115 3268 u'm
