2571 3775
1095 306 1424 330 ······-···“’
2116 313 2212 366 31)·

272 428 352 483 sua
374 446 436 483 ex·
455 439 622 482 natura
640 465 653 489 ‚
689 440 737 480 et
757 422 884 480 dorfi
904 436 1094 477 tantum
1115 423 1248 493 spina
1282 441 1390 476 cara
1413 421 1646 486 habetur;
1690 425 2016 497 quamobrem
2039 446 2094 483 ea
2121 428 2218 484 sola

272 503 443 557 locun
479 501 725 555 medullae
753 499 955 570 praebet
966 519 980 559 3
1018 512 1266 569 praeterea
1298 512 1410 566 eget
1439 499 1641 552 vinculo
1661 500 1828 571 aliquo
1848 517 2049 572 propter
2068 509 2218 558 inter-

272 578 394 636 valla
423 576 799 639 vertebrarum„
842 574 971 626 Ideo
1003 572 1216 626 medulla
1253 571 1443 642 spinalis
1477 588 1698 626 naturam
1727 592 1753 626 a
1785 574 1969 647 reliqua
1999 578 2215 632 medulla

271 652 511 705 diversam
531 648 690 705 habeta
713 676 716 679 ·
743 700 745 702 ,
767 651 887 702 Vice
921 651 1055 700 enim
1084 646 1262 700 fibulae
1292 645 1536 714 fungitur,
1586 648 1774 701 idcirco
1798 647 1923 702 lenta
1945 664 1996 702 et
2013 654 2216 707 nervosa

270 728 366 788 est,
401 738 455 776 ut
477 723 663 776 intendi
688 723 846 791 poffit.
923 726 1094 790 Qiem
1123 722 1292 775 locum
1322 723 1525 791 pessime
1558 725 1899 792 interpretatus
1918 726 1986 776 est
2006 722 2216 778 Plinius

269 805 351 853 ΧΙ.
378 797 486 851 sest.
513 804 593 857 86.
622 798 683 849 de
718 795 958 849 medulla:
999 795 1210 863 nervosa
1240 802 1287 849 et
1319 795 1371 849 in
1391 792 1555 866 spina
1587 803 1785 850 tamtum
1820 795 1958 865 dorst
1983 796 2084 872 offiz
2114 815 2215 853 aon

266 866 569 926 habentibus
581 910 596 936 ,
647 878 705 924 ut
729 868 945 943 piscium
970 869 1167 941 generi.
1245 869 1570 940 Philosophus
1598 875 1737 923 enim
1771 875 1819 923 in
1854 876 1994 924 omni
2027 892 2214 941 genere

266 946 554 1001 animalium
584 945 852 999 medullam
884 947 1044 1016 spinae
1074 945 1329 997 nervosam
1365 959 1412 996 et
1446 944 1625 997 lentam
1655 944 1750 998 effe
1783 946 2005 998 affirmat.
2089 954 2210 1002 Eam

266 1040 389 1075 vero
411 1040 528 1074 cum
558 1021 862 1092 reliquorum
894 1021 1073 1074 offium
1102 1018 1313 1072 medulla
1340 1033 1730 1088 permutaverat,
1770 1038 1862 1072 1166
1885 1020 2071 1073 cerebri
2094 1042 2210 1093 pro-

265 1100 497 1166 paginem
518 1095 612 1148 effe
637 1093 884 1148 statuebat.

274 1181 278 1186 ’
416 1173 550 1224 Cum
573 1189 691 1223 vero
713 1167 1372 1238 cartilagineorum'piscium
1401 1167 1532 1236 spina
1554 1166 1831 1234 cartilagine
1860 1183 2209 1239 componatur,

264 1242 315 1296 hi
345 1244 511 1314 spinae
543 1243 844 1312 cartilagines
878 1240 1141 1314 perforatas
1169 1256 1219 1294 et
1253 1245 1300 1293 in
1336 1245 1391 1293 iis
1424 1240 1694 1294 medullam
1725 1242 1988 1312 separatam
2012 1242 2208 1296 habent.

262 1322 328 1370 Ita
355 1318 554 1372 traditur
578 1324 640 1370 H.
663 1320 725 1371 Α.
747 1324 817 1370 ΙΙΙ.
849 1331 893 1378 8.
917 1332 967 1371 et
987 1317 1048 1368 de
1072 1315 1290 1369 Partibus
1310 1320 1361 1367 ΙΙ.
1385 1334 1433 1380 9.
1468 1315 1547 1369 sed
1568 1320 1616 1368 in
1646 1319 1812 1385 priore
1834 1315 1948 1370 loco
1970 1317 2209 1387 cartilagi—

262 1397 341 1445 nei
360 1392 491 1462 plani
505 1407 554 1446 et
576 1392 655 1446 lati
675 1393 829 1462 pisces
852 1396 1194 1450 nominantur3
1230 1394 1280 1442 in
1305 1389 1456 1443 altero
1480 1390 1774 1458 cartilaginei
1796 1391 2093 1445 omnes-,fine
2113 1393 2206 1447 ulla

262 1471 577 1537 exceptione.
653 1468 849 1520 Deinde
880 1485 1030 1539 quam
1057 1465 1211 1518 altero
1243 1464 1360 1518 loco
1390 1465 1683 1528 medullam,
1706 1493 1710 1496 ·
1736 1469 1900 1534 priore
1936 1467 2203 1531 humorem

263 1539 593 1595 medullosum
621 1541 841 1612 appellat.
921 1541 1078 1609 Quod
1111 1539 1317 1610 quidem
1351 1545 1672 1593 nomen'non
1703 1553 1871 1609 aptum
1903 1543 1970 1595 est
2000 1556 2047 1594 et
2081 1561 2204 1595 con-

259 1634 440 1683 gruum
472 1620 698 1685 opinioni
731 1616 1036 1687 philosophi,
1067 1618 1150 1686 qui
1177 1611 1410 1683 spinalem
1439 1612 1709 1666 medullam
1738 1613 1922 1685 ubique
1950 1613 2132 1668 lentam
2153 1630 2225 1673 et·

260 1691 515 1743 nervosam
544 1694 971 1759 pronunciaverat.
1087 1688 1185 1741 Nifi
1215 1685 1342 1741 forte
1380 1688 1729 1741 dicere-voluit
1761 1688 2029 1742 humorem
2061 1689 2201 1745 illum

258 1768 528 1833 pinguem,
561 1769 643 1816 cui
664 1763 922 1817 cerebrum
952 1764 1158 1833 piscium
1194 1766 1402 1823 innatat,
1441 1767 1628 1834 quique
1656 1763 1806 1832 ipsam
1829 1765 1987 1834 spinae
2008 1765 2201 1817 medul-

258 1837 356 1889 lam
388 1838 602 1891 molliter
630 1839 846 1909 undique
878 1836 1202 1906 ampleffitur.
1289 1839 1387 1890 Cui
1411 1835 1620 1890 similem
1651 1834 1752 1890 fere
1784 1841 1833 1890 in
1865 1838 1994 1909 spina
2027 1839 2201 1893 dorsali

260 1911 528 1965 hominum
556 1910 711 1982 nuper
742 1912 1058 1966 observarunt
1078 1914 1167 1962 viri
1188 1908 1337 1963 dosii.
1839 1948 1841 1953 ,

407 1990 511 2056 Qi
536 2006 690 2057 nuper
711 1990 1009 2041 anatomiam
1032 1999 1078 2038 et
1103 1983 1456 2054 physiologiam
1487 1983 1802 2037 balaenarum
1823 1990 2021 2054 egregie
2045 1987 2201 2058 expli-

259 2064 385 2114 cavit
431 2057 546 2114 solz.
592 2059 824 2127 Hmzter,
890 2060 952 2113 de
990 2058 1295 2130 pinguedine
1332 2062 1482 2111 etiam
1521 2060 1728 2128 piscium
1768 2058 1896 2112 bene
1929 2061 2199 2131 disputavit.

257 2140 408 2188 Hanc
426 2140 559 2189 enim
578 2140 777 2204 gemina
802 2138 990 2188 ratione
1012 2152 1097 2204 per
1119 2151 1325 2203 corpora
1351 2133 1557 2203 piscium
1581 2132 1857 2204 dispositam
1878 2137 2092 2206 conspici
2115 2157 2200 2190 an-

258 2224 409 2263 notat.
485 2211 591 2262 Aut
613 2214 746 2262 enim
767 2229 852 2281 per
872 2227 1048 2262 omnes
1065 2212 1296 2278 corporis
1316 2222 1474 2277 partes
1498 2227 1796 2280 carnemque
1818 2228 2026 2262 omnem
2050 2214 2200 2266 effusa

256 2297 304 2337 et
326 2285 526 2353 dispersa
549 2288 807 2354 reperitur,
828 2300 880 2336 ut
901 2288 949 2335 in
967 2283 1169 2352 clupeae
1190 2300 1389 2350 genere,
1415 2296 1464 2334 et
1484 2282 1786 2344 salmonum,
1825 2299 1909 2336 aut
1931 2284 2018 2338 soli
2034 2285 2199 2358 hepati

257 2358 489 2419 inhaeret,
514 2357 662 2411 veluti
685 2363 732 2411 in
759 2361 983 2424 raiarum,
1005 2357 1248 2425 gadorum
1271 2371 1318 2409 et
1338 2355 1658 2410 alburnorum
1679 2377 1873 2426 genere.
1911 2364 1962 2413 In
1985 2362 2201 2414 sturione

255 2447 422 2484 tamen
443 2451 530 2500 per
549 2447 707 2501 partes
729 2436 953 2501 corporis
978 2435 1130 2484 varias
1152 2432 1393 2500 dispertita
1415 2436 1651 2501 reperitur
1672 2434 1944 2502 pinguedo,
1978 2450 2030 2488 ut
2052 2439 2103 2488 in
2125 2455 2201 2489 re-

254 2506 396 2578 liquis
418 2507 719 2559 animalibus,
760 2512 814 2558 In
837 2505 1014 2576 quibus
1036 2505 1296 2573 generibus
1311 2507 1565 2574 pinguedo
1580 2526 1681 2560 non
1697 2510 1764 2561 est
1788 2509 1965 2562 secreta
1986 2510 2064 2563 sed
2079 2530 2198 2565 cum

255 2579 482 2634 carnibus
503 2579 700 2634 confusa
714 2618 728 2641 ,
762 2585 811 2633 in
835 2595 999 2632 ventre
1021 2595 1187 2632 tamen
1209 2579 1631 2650 copiofiorvadest,
1663 2582 1797 2634 velut
1821 2586 1871 2635 in
1892 2583 2123 2639 salmone.

405 2660 542 2708 Haec
563 2657 766 2726 piscium
786 2654 1040 2725 pinguedo
1065 2653 1147 2706 etsi
1168 2673 1253 2723 per
1277 2668 1434 2724 partes
1455 2660 1681 2725 corporis
1703 2671 1751 2709 et
1767 2676 1936 2710 carnes
1959 2660 2077 2728 ipsas
2103 2657 2197 2713 dif-

253 2726 352 2781 fusa
373 2743 519 2800 atque
538 2731 664 2783 adeo
685 2749 801 2782 cum
823 2730 920 2798 ipsa
943 2746 1087 2781 carne
1110 2726 1305 2781 consula
1327 2728 1420 2781 effe
1442 2729 1649 2793 videtur,
1687 2731 1939 2785 reticulos]
1961 2748 2125 2787 tamen
2148 2750 2197 2788 et

252 2807 391 2855 tenui
412 2803 566 2876 aliqua
587 2803 873 2857 membrana
896 2822 1005 2856 eam
1029 2806 1273 2856 contineri
1301 2818 1349 2855 et
1381 2802 1546 2871 colligi
1568 2823 1670 2857 non
1694 2809 1859 2858 minus
1880 2825 2027 2878 quam
2051 2813 2098 2861 in
2118 2828 2195 2861 re-

253 2875 396 2948 liquis
416 2878 732 2940 animalibus,
772 2879 974 2947 suspicio
1009 2879 1076 2930 est
1106 2876 1181 2931 Cl.
1205 2874 1456 2940 Hmlteri,
1498 2881 1635 2943 cujus
1666 2878 2085 2945 observationem,
2124 2888 2194 2938 uti

251 2951 415 3012 vides,
461 2950 562 3004 fere
590 2972 796 3006 omnem
826 2966 1138 3022 praeceperat
1168 2954 1266 3016 iam
1296 2950 1418 3004 olim
1442 2949 1752 3021 Aristoteles.
1830 2955 1923 3006 Sed
1952 2960 2194 3011 rationem

248 3026 478 3078 nondum
501 3031 728 3097 exputavi
763 3046 850 3078 cur
877 3028 1045 3079 sevum
1080 3026 1282 3087 dixerit,
1327 3044 1452 3097 quae
1483 3027 1612 3096 adipi
1644 3042 1691 3080 et
1719 3035 1958 3097 axungiae
1985 3031 2196 3085 mollitie

250 3100 329 3152 sua
353 3105 562 3170 propior
583 3104 649 3155 est
665 3138 679 3164 ,
716 3101 1071 3171 pinguedinem
1091 3101 1311 3171 piscium.
1516 3149 1519 3150 ⁷
1913 3147 1919 3152 .
2009 3100 2011 3104 ⁴

368 3200 372 3204 -
532 3197 539 3202 -
1166 3178 1242 3226 Rr
1285 3191 1313 3225 2
1561 3235 1563 3237 ¹
1750 3237 1757 3249 ί
1977 3180 2196 3247 Fascicu-
