2571 3775
1041 341 1334 376 Ξ-ΞΞΞΞΞΕ-..Ξ
2028 350 2132 400 199

246 462 328 512 IX.
350 456 472 513 Se&
496 470 592 526 74.'
617 459 771 513 Pisces
793 452 967 514 *attritu
997 459 1242 509 ventrium
1274 471 1475 519 coeunt,
1504 470 1636 510 tanta·
1656 459 1928 525 celeritate,
1978 477 2032 530 ut
2062 467 2135 516 vi-

243 535 352 588 sum
374 533 549 586 fallant.
572 562 639 571 —-
677 534 910 584 Foemina
932 531 1074 601 piscis
1097 533 1258 584 coitus
1279 544 1504 600 tempore
1523 551 1712 584 marem
1732 535 1944 605 sequitur
1958 573 1973 598 ,
2013 556 2135 592 ven-

244 623 373 661 trem
399 611 505 674 ejus
533 608 689 659 rostro
715 604 928 675 pulsans:
969 603 1056 657 sub
1074 617 1270 674 partum
1295 624 1453 660 mares
1474 603 1716 660 foeminas
1745 607 1984 671 similiter,
2033 629 2133 665 ova

244 684 493 736 vescentes
514 697 697 732 earum.
775 683 881 732 Nec
900 679 1007 732 satis
1031 681 1103 732 est
1119 682 1425 746 generationi
1449 699 1535 751 per
1559 681 1605 733 le
1627 686 1786 735 coitus
1802 719 1817 744 ‚
1861 681 1946 735 nifi
1985 684 2131 738 editis

242 761 352 811 ovis
370 754 734 807 interversando
757 770 917 807 mares
939 752 1084 806 vitale
1107 753 1420 823 adsperserint
1437 759 1583 808 virus.
1664 760 1781 810 Non
1813 755 2048 810 omnibus
2077 758 2129 811 id

238 832 485 896 contingit
515 832 622 882 ovis
659 833 709 881 in
739 842 866 882 tanta
904 827 1242 881 multitudine:
1312 828 1530 900 alioquin
1558 830 1858 900 replerentur
1894 836 2041 884 maria
2078 846 2133 885 et.

237 906 429 972 stagna,
468 921 585 955 cum
609 902 780 971 finguli
805 907 928 956 uteri
948 901 1322 956 innumerabilia
1342 907 1636 974 concipiant.
1715 907 1922 959 Piscium
1950 925 2043 960 ova
2077 911 2129 962 in

239 983 360 1033 mari
387 978 634 1038 crescunt3
678 977 920 1049 quaedam
951 978 1139 1029 summa
1163 976 1438 1039 celeritate,
1479 991 1532 1032 ut
1559 997 1933 1033 muraenarum:
1976 989 2131 1053 quae-'2

238 1052 353 1106 dam
372 1051 525 1122 paulo
542 1051 738 1104 tardius.
812 1048 1062 1104 Aelianus
1095 1069 1212 1103 cum
1245 1047 1492 1122 Oppiomo
1513 1056 1545 1104 Ι.
1566 1059 1690 1116 476.
1725 1055 1881 1123 pisces
1906 1072 2021 1107 vere
2050 1059 2126 1108 in-

233 1142 381 1179 eunte
401 1145 493 1180 ova
515 1125 731 1180 conferta
753 1129 911 1181 arenis
931 1127 1178 1188 affricare,
1216 1121 1339 1178 alios
1373 1140 1594 1179 natantes
1612 1130 1865 1191 emittere,
1902 1148 2028 1201 quos
2052 1133 2128 1182 in-

227 1202 380 1256 secuti
405 1200 482 1253 alii
518 1202 784 1262 devorent3
824 1199 937 1255 alias
956 1218 1116 1253 mares
1135 1199 1433 1270 praecedere
1457 1214 1505 1254 et
1532 1201 1698 1254 semen
1728 1207 1978 1265 emittere,
2012 1201 2121 1257 foe-

214 1277 389 1329 'minas
421 1295 542 1329 vero
572 1277 762 1328 semine¹
791 1274 1035 1343 deglutito
1064 1272 1259 1344 impleri
1292 1274 1439 1327 tradit
1471 1280 1552 1327 IX.
1583 1281 1668 1341 63.
1716 1281 1915 1347 repetita
1955 1281 2119 1348 inepta

227 1347 486 1405 Herodoti
507 1355 560 1403 Η.
594 1369 678 1415 93.
715 1347 888 1402 fabula.
965 1354 1043 1403 De
1069 1346 1375 1420 temporibus
1395 1349 1616 1420 pariendi
1647 1350 1780 1408 idem
1811 1357 1873 1405 X.
1900 1370 1946 1404 2.
1974 1353 2122 1407 tradit

229 1442 346 1477 cum
368 1422 615 1496 Oppimzo
643 1430 677 1478 Ι.
716 1436 778 1488 58
793 1443 839 1485 ς.

373 1539 452 1587 De
474 1534 591 1588 sexu
611 1548 824 1607 utroque
843 1533 1053 1605 piscium
1074 1536 1135 1588 ita
1155 1532 1294 1588 HA.
1314 1536 1391 1587 IV.
1422 1554 1440 1586 1
1460 1554 1499 1587 1.
1537 1536 1590 1587 In
1602 1550 1794 1604 ‘genere
1814 1531 2115 1590 inseciorum

224 1622 274 1661 et
290 1609 494 1678 piscium
513 1611 620 1662 sunt
643 1628 768 1682 quae
790 1613 1005 1664 omnino
1036 1611 1176 1663 sexus
1220 1610 1484 1662 discrimen
1516 1609 1795 1663 alterutram
1833 1615 1880 1663 in
1920 1626 2115 1679 partem

222 1701 327 1736 non
348 1683 559 1747 habent,
591 1684 724 1736 velut
741 1682 953 1752 anguilla
977 1703 1068 1737 nec
1091 1698 1197 1737 mas·
1218 1703 1310 1738 nec
1331 1682 1546 1737 foemina
1582 1686 1674 1747 est,
1714 1703 1806 1737 nec
1835 1684 2028 1755 prolem
2049 1703 2113 1737 ex

221 1757 268 1810 se
288 1757 501 1831 aliquam
520 1768 732 1827 generat.
751 1787 820 1800 -—-
928 1762 1049 1810 Sunt
1079 1763 1227 1810 etiam
1258 1757 1404 1828 aliqui
1432 1759 1580 1827 pisces
1613 1763 1874 1828 epitragiae
1908 1758 1967 1811 ab
1990 1760 2114 1812 hirci

221 1832 463 1886 sterilitate
490 1832 637 1895 dieti,
665 1836 838 1904 quoin
857 1850 1039 1901 genere
1059 1851 1122 1885 ex
1141 1831 1459 1886 fluviatilibus
1481 1836 1666 1903 cyprini
1689 1847 1737 1885 et
1766 1832 1953 1903 balagri
1970 1834 2114 1901 (alias

220 1910 373 1959 carini
423 1922 470 1960 et
507 1905 690 1973 barini)
736 1908 876 1969 fimt,
913 1910 999 1978 qui
1029 1925 1127 1959 nec
1159 1926 1315 1959 ovum
1351 1925 1444 1959 nec
1481 1906 1648 1960 semen
1686 1906 1843 1961 ullum
1888 1928 2113 1981 unquam

220 1979 419 2034 habent.
494 1983 588 2034 Sed
609 1985 696 2053 qui
716 1980 967 2035 solidiores
999 1984 1388 2052 pinguioresque
1408 1985 1457 2032 in
1478 1998 1541 2034 eo
1566 2000 1747 2050 genere
1767 1983 1899 2045 sunt,
1944 1987 2002 2036 iis
2035 1987 2111 2035 in-

219 2058 450 2108 testinum
472 2075 676 2126 parvum
713 2058 804 2119 est,
849 2070 897 2109 et
919 2055 1021 2109 laus
1045 2059 1304 2125 praecipua
1332 2059 1381 2107 in
1416 2054 1542 2109 cibo.
1618 2061 1746 2121 Inter
1776 2057 1929 2126 pisces
1958 2063 2108 2110 etiam

217 2149 374 2197 genus
413 2133 480 2183 est
523 2129 764 2200 passerum
811 2129 1086 2203 (φηγ-τῶν)
1142 2129 1505 2196 erythrinorum
1561 2144 1608 2182 et
1649 2130 1978 2194 charmarum,
2025 2135 2111 2184 cui

215 2205 357 2258 sexus
389 2204 628 2257 masculus
666 2205 811 2275 deest.
889 2206 1083 2258 Omnes
1113 2206 1247 2256 enim
1278 2203 1328 2256 hi
1361 2205 1515 2273 pisces
1548 2208 1654 2257 ovis
1684 2204 1821 2275 pleni
1853 2211 2116 2276 reperim-¹

214 2294 307 2333 tur.
327 2309 392 2319 --
469 2284 520 2331 In
541 2277 749 2349 piscibus
771 2276 986 2332 fimiliter
1014 2276 1266 2331 foeminae
1297 2278 1511 2332 maribus
1534 2282 1773 2345 majoreS‚
1813 2279 1962 2334 veluti
2001 2300 2107 2333 car-

213 2353 433 2422 tilaginei
448 2359 684 2416 minores,
724 2353 934 2423 plurima
954 2370 1067 2424 pars
1086 2351 1397 2421 gregatilium
1418 2368 1467 2406 et
1486 2372 1662 2408 omnes
1682 2354 1911 2408 saxatiles.
1977 2359 2102 2409 Foe-

212 2433 372 2483 minas
383 2432 530 2481 etiam
545 2431 815 2482 vivaciores
836 2427 930 2482 effe
944 2430 1129 2482 constat
1146 2446 1211 2482 eo
1230 2425 1368 2500 quod
1379 2426 1627 2482 foeminae
1646 2432 1932 2483 vetustiores
1946 2449 2100 2502 quam

125 2505 135 2511 ‘
209 2522 371 2556 mares
410 2507 681 2572 capiuntur.
795 2507 910 2556 Hoc
946 2503 996 2555 in
1029 2501 1146 2556 loco
1177 2502 1238 2555 de
1272 2503 1582 2556 diuturniore
1618 2501 1954 2557 foeminarum
1999 2510 2098 2558 vita

211 2577 368 2633 verfio
428 2572 639 2631 Albe-mi
682 2575 854 2631 habet:
922 2574 1064 2649 quod
1122 2592 1277 2648 quum
1320 2574 1601 2648 capiuntur
1641 2576 1804 2649 pisces
1848 2577 2101 2647 fheminae

194 2650 328 2726 fimt
353 2649 588 2706 durioris
609 2649 781 2706 carnis
802 2668 954 2725 quam
977 2648 1197 2723 mastali.
1273 2655 1351 2704 De
1382 2651 1498 2705 sexu
1532 2653 1898 2719 erythrinorum
1923 2658 2100 2724 repetit

209 2727 271 2779 de
293 2725 467 2780 Partib.
490 2731 564 2779 111.
595 2749 631 2779 1.
668 2728 753 2780 An
774 2731 822 2780 in
846 2725 1082 2798 piscibus,
1123 2729 1308 2798 inquit,
1351 2741 1623 2797 conceptus
1646 2746 1847 2800 quoque
1876 2730 1959 2781 fiat
1988 2748 2096 2799 per-

204 2799 363 2856 fecffus
390 2801 486 2855 fine
517 2820 650 2855 mare
667 2839 681 2863 ,
724 2821 826 2856 non
851 2819 1005 2874 aeque
1024 2801 1338 2871 exploratum
1363 2803 1443 2854 est.
1520 2804 1827 2855 Potissimum
1858 2807 1904 2855 in
1927 2807 2100 2856 fluvia-

206 2875 274 2928 tili
307 2894 487 2944 genere
521 2877 777 2943 erythrinis
811 2876 1037 2930 accidere
1074 2876 1124 2928 id
1153 2876 1369 2937 videtur,
1420 2894 1638 2948 quorum
1674 2877 1899 2931 nonnulli
1937 2880 2095 2930 statim

204 2955 312 3003 ovis
336 2950 519 3019 gravidi
545 2967 804 3021 apparent,
839 2967 891 3004 ut
913 2956 961 3004 in
986 2950 1180 3004 historia
1206 2949 1374 3020 stripfi.
1451 2951 1547 3003 Sed
1583 2951 1751 3005 locum
1779 2952 1913 3003 hunc
1944 2955 2106 3004 muti-³

203 3024 307 3077 lum
330 3026 424 3079 esse
450 3023 635 3078 clarum
668 3029 748 3080 est.
824 3030 919 3080 Pro
954 3025 1207 3092 erythrinis
1230 3022 1505 3079 Salvianus
1535 3026 1785 3097 phoxinos
1809 3030 1981 3099 reponi
2001 3045 2097 3081 vo-

200 3098 315 3165 luit,
354 3120 417 3157 ne
440 3100 1001 3170 erythrinifluviatilibus
1023 3105 1426 3156 annumerentur·
1946 3121 1949 3124 ⁴
1996 3121 1999 3125 ’
2054 3124 2057 3127 ·

2010 3222 2089 3271 De
