2571 3775
2106 342 2176 390 41

454 455 656 508 Nomen
681 444 1098 574 Flandricumgeu
1120 443 1377 513 Belgicum
1396 440 1597 516 Paling
1617 464 1681 500 ex
1701 448 2013 508 documentis
2033 453 2175 524 supe-

291 528 481 581 riorum
510 524 784 578 seculorum
811 518 971 573 laudat
1040 515 1191 590 magii
1219 532 1267 572 et
1295 514 1636 591 Charpemier
1656 520 1954 578 Gloffarium
1978 527 2063 580 sub
2084 549 2174 582 vo·-

291 600 429 653 cibus
448 595 694 658 Palenca,
732 591 1053 663 Padeleuga,
1085 608 1133 646 et
1154 589 1428 664 Frischius
1447 595 1631 647 nostras
1652 594 1739 648 sub
1760 616 1886 651 voce
1906 596 2121 671 Paling.

435 667 696 750 Γόγγρος,
735 672 1000 737 Gongrus,
1039 681 1088 720 et
1104 662 1368 747 Κόγγρος,
1411 669 1669 736 CongruS,
1708 673 1924 739 Conger.
1964 671 2168 743 Aristo-
2194 681 2288 728 pise.
2317 698 2383 738 40.

286 741 401 799 telas
426 749 489 796 H.
511 747 576 797 A.
606 750 638 796 Ι.
691 761 798 813 cap.
841 763 883 803 ς.
927 741 1065 810 longi
1095 756 1143 795 et
1173 743 1334 795 laeves
1367 742 1547 810 pisces,
1587 757 1641 796 ut
1669 745 1879 813 anguilla
1900 761 1948 799 et
1973 766 2165 816 ‚conger
2214 738 2295 783 No.
2315 754 2355 785 ²·

283 819 403 869 duas
424 832 612 872 tantum
631 816 1019 889 pinnas'habent.
1107 820 1159 868 Π.
1190 836 1266 880 13.
1301 820 1481 869 iterum
1521 836 1639 871 cum
1667 818 1876 888 anguilla
1902 824 2025 875 inter
2065 821 2163 877 lae-

283 909 367 944 ves
399 898 683 946 nominatur
712 911 912 960 conger.
1009 895 1177 945 Priore
1209 895 1260 943 in
1289 890 1406 944 loco
1437 889 1545 944 libri
1580 893 1696 946 editi
1723 896 1953 963 scriptum
1981 895 2163 952 habent

280 961 522 1046 κὸγγρος·
558 967 640 1020 sed
659 967 875 1021 Codices
893 984 1071 1020 omnes
1092 984 1119 1018 a
1141 964 1289 1018 Gallo
1309 961 1496 1018 Comitis
1528 966 1689 1019 collati
1720 967 1897 1021 rediius
1930 965 2162 1050 γόγγρος

278 1040 487 1104 habent,
524 1056 578 1094 ut
593 1041 787 1094 editum
807 1042 875 1093 est
895 1039 1047 1107 vulgo
1085 1039 1282 1109 reliquis
1313 1037 1546 1092 omnibus
1578 1044 1628 1092 in
1650 1039 1786 1095 locis.
1861 1043 1945 1096 Ab
1971 1062 2158 1114 appen-

278 1114 451 1168 diculis
472 1116 552 1168 seu
575 1119 788 1170 verrucis
808 1119 858 1166 in
880 1112 1015 1166 labro
1035 1115 1287 1182 superiore
1313 1112 1609 1167 exstantibus
1639 1115 1842 1176 dicitur3
1882 1116 1999 1170 tales
2022 1123 2156 1173 enim

275 1205 503 1242 verrucas
540 1194 589 1242 in¹
618 1187 874 1246 arboribus
908 1191 1087 1241 Graeci
1114 1182 1351 1268 75327989
1376 1187 1557 1240 dicunt.
1613 1193 1666 1261 IL
1687 1208 1765 1252 13.
1804 1188 1887 1242 ubi
1908 1206 2157 1260 praeterea

273 1260 410 1317 binas
439 1268 666 1336 utrinque
700 1263 980 1323 branchias,
1021 1261 1223 1315 alteram
1256 1260 1508 1329 duplicem
1541 1260 1744 1317 alteram
1773 1263 2043 1333 simplicem
2068 1266 2163 1326 ha-

271 1335 389 1390 bere
423 1338 610 1391 dicitur.
686 1343 736 1390 II.
767 1357 786 1388 1
806 1358 846 1392 ς.
879 1337 941 1389 cle
961 1335 1049 1389 fitu
1068 1335 1252 1389 veficae
1273 1334 1419 1388 fellis:
1470 1339 1621 1407 Saepe
1653 1342 1802 1391 etiam
1831 1339 1966 1392 idem
1993 1358 2152 1408 genus

271 1426 538 1484 utrumque
559 1415 734 1482 patitur
764 1411 931 1472 situm,
981 1425 1034 1462 ut
1059 1428 1274 1478 conger3
1314 1409 1415 1463 aliis
1447 1414 1579 1463 enim
1612 1412 1672 1464 ad
1695 1415 1858 1478 jecur,
1899 1413 2001 1467 aliis
2030 1414 2149 1470 infra

269 1486 527 1556 sepositum
563 1487 792 1540 adhaeret
821 1483 897 1537 fel.
973 1488 1026 1536 ΙΙ.
1061 1501 1140 1548 17.
1175 1488 1320 1553 pauci
1340 1485 1492 1553 pisces
1513 1486 1854 1555 oesophagum
1874 1488 1957 1541 seu
1979 1488 2151 1556 gulam

269 1561 481 1623 habent,
521 1576 573 1614 ut
597 1579 783 1629 conger
813 1574 859 1613 et
888 1576 1149 1621 muraena,
1180 1558 1261 1612 sed
1291 1572 1339 1611 et
1370 1557 1420 1611 hi
1445 1550 1670 1613 brevem.
1729 1565 1802 1614 III.
1837 1580 1914 1614 10.
1934 1563 2148 1634 squamis

268 1649 500 1703 teguntur
520 1637 671 1705 pisces
700 1649 918 1696 tantum,
957 1637 1042 1706 qui
1064 1651 1221 1686 ovum
1243 1630 1429 1686 friabile
1457 1630 1641 1699 (Gaza
1663 1635 1936 1698 arenidum,
1971 1654 2149 1706 graece

265 1705 545 1786 ψαθυρόγ)
578 1710 743 1762 edunt.
820 1713 894 1761 Ex
913 1706 1073 1776 longis
1103 1711 1236 1761 enim
1267 1709 1341 1776 (et
1360 1706 1571 1760 laevibus
1593 1707 1749 1763 voluit
1768 1710 1974 1776 addere)
2004 1713 2145 1781 pisci-

266 1784 357 1837 bus
393 1802 581 1852 conger
618 1799 667 1838 et
694 1801 930 1836 muraena
962 1782 1209 1849 ejusmodi
1239 1799 1333 1836 ova
1367 1800 1471 1836 non
1498 1786 1720 1852 pariunt3
1767 1784 1975 1852 anguilla
1998 1785 2144 1855 plane

265 1857 395 1910 nulla
426 1857 583 1912 habet.
662 1862 737 1911 VI.
779 1876 855 1920 17.
895 1860 1084 1925 Congri
1115 1860 1262 1909 etiam
1286 1854 1536 1910 foeturam
1559 1860 1609 1910 in
1629 1858 1677 1911 se
1697 1857 1904 1920 habeut3
1937 1860 2019 1914 sed
2038 1880 2141 1916 non

264 1931 499 1986 omnibus
531 1937 583 1987 in
613 1930 733 1986 locis
763 1932 862 1986 hoc
885 1949 1044 2004 aeque
1064 1930 1274 1992 constat3
1324 1948 1416 1984 nec
1448 1931 1546 2000 ipsa
1574 1928 1772 1986 foetura.
1797 1948 1999 2005 propter
2030 1939 2141 2004 pin-

262 2006 532 2074 guedinem
561 2020 758 2075 apparet
782 2007 914 2067 latis3
972 2005 1120 2074 longa
1154 2020 1323 2058 autem
1363 2023 1578 2059 ovorum
1607 2006 1775 2069 series,
1821 2022 1874 2061 ut
1900 2010 2137 2078 serpenti-

261 2080 381 2143 buS,
411 2083 531 2134 inest
549 2085 624 2142 iis,
656 2080 797 2152 quod
818 2084 941 2147 ignis
963 2079 1182 2149 periculo
1205 2080 1474 2141 innotescit.
1551 2083 1703 2133 Tunc
1721 2083 1855 2134 enim
1878 2084 2135 2151 pinguedo

261 2154 553 2225 colliquatur
573 2170 718 2224 atque
742 2167 1056 2222 evaporatur,
1088 2172 1180 2206 ova
1210 2167 1376 2205 autem
1396 2167 1595 2222 crepant
1616 2169 1664 2207 et
1682 2156 1868 2208 extrusa
1889 2156 2134 2211 diffiliunt.

260 2227 469 2281 Adhaec
491 2228 524 2281 fi
545 2232 651 2299 quis
661 2228 820 2296 digitis
837 2225 1204 2280 contre&averit
1224 2241 1273 2279 et
1292 2230 1588 2290 contriverit,
1609 2229 1777 2282 sentiet
1796 2242 1902 2282 tum
1924 2235 2134 2301 pingue-

261 2303 428 2355 dinem
450 2302 638 2355 laevem
658 2316 706 2355 et
735 2319 828 2354 ova
851 2301 983 2353 dura.
1069 2303 1257 2368 Congri
1277 2314 1442 2353 autem
1471 2300 1616 2373 aliqui
1633 2304 1999 2371 ‘pinguedinem
2024 2311 2132 2379 qui-

260 2377 404 2439 dem,
427 2377 509 2431 sed
521 2375 650 2429 nulla
669 2389 844 2445 gerunt
856 2394 948 2429 ova
959 2395 977 2436 ,3
1009 2389 1178 2428 contra
1190 2374 1267 2427 alii
1277 2375 1576 2445 pinguedine
1598 2391 1779 2439 carent,
1800 2397 1954 2431 ovum
1966 2395 2132 2436 autem

257 2465 457 2521 apparet
489 2450 632 2522 quale
665 2451 778 2503 dixi.
837 2449 922 2502 ubi
953 2448 1132 2517 vulgati
1158 2447 1272 2502 ‘libri
1307 2453 1480 2517 congri
1518 2469 1673 2503 ovum
1706 2452 1912 2505 craffum
1948 2451 2131 2510 faciunt

257 2521 472 2602 (παχὺ)
493 2525 574 2578 sed
585 2525 768 2577 durum
789 2519 1024 2600 (τρωχῦ)
1047 2523 1227 2577 Codex
1242 2523 1516 2586 Mediceus,
1538 2524 1792 2588 Canifiani,
1814 2542 1952 2581 vetus
1974 2529 2127 2584 verfio

253 2615 304 2653 et
324 2600 492 2655 Gaza.
540 2603 802 2667 Congrum
825 2593 1070 2650 filbertus
1091 2597 1139 2649 h.
1161 2596 1188 2649 l.
1229 2616 1488 2665 onagrum,
1510 2597 1654 2652 latine
1677 2599 1875 2653 asellum
1886 2608 2127 2666 nominat,

184 2735 186 2738 ,
253 2674 316 2729 fic
341 2689 549 2729 etvetus
570 2673 724 2728 vei-fio
757 2671 887 2742 apud
927 2667 984 2725 V
985 2668 1251 2725 iacentium
1284 2677 1428 2724 XVII.
1465 2691 1566 2744 cap.
1592 2692 1639 2738 9.
1717 2679 1832 2726 Vffl.
1863 2694 1908 2729 2.
1949 2677 2125 2732 Carabi

252 2767 468 2817 congros
497 2748 847 2816 aggrediuntur
875 2758 923 2798 et
957 2749 1182 2806 vincunt3
1239 2764 1354 2798 nam
1386 2745 1508 2800 elabi
1552 2766 1656 2801 non
1686 2749 1883 2817 poffunt
1920 2766 2124 2822 propter

251 2825 437 2876 crustae
466 2822 623 2876 carabi
651 2823 968 2891 asperitatem.
1042 2823 1214 2888 congri
1256 2834 1425 2875 contra
1452 2820 1659 2891 polypos
1693 2824 1916 2892 superant
1946 2840 1994 2878 et
2035 2845 2122 2880 co-

249 2897 487 2958 medunt3
529 2896 698 2967 polypi
727 2899 861 2949 enim
892 2911 1139 2962 congrum
1168 2894 1537 2965 apprchendere
1571 2893 1672 2948 non
1703 2898 1899 2966 poss‘unt
1918 2914 2123 2968 propter

247 2976 371 3024 cutis
392 2971 678 3024 laevitatem.
754 2972 988 3037 Reperire
1008 2972 1153 3036 igitur
1169 2971 1307 3039 saepe
1330 2969 1440 3022 licet
1456 2969 1690 3039 polypOS,
1734 2971 1911 3042 quibus
1935 2992 2123 3042 conger

244 3044 493 3098 acetabula
525 3046 605 3097 seu
634 3044 830 3096 brachia
865 3042 1109 3112 praerofit.
1202 3046 1364 3098 Carne
1393 3044 1490 3096 sola
1518 3048 1631 3097 vivit
1666 3063 1878 3112 conger3
1935 3061 1985 3100 et
2019 3048 2121 3101 hoc

243 3137 401 3187 genus
424 3124 655 3175 omnium
678 3122 896 3174 maxime
917 3118 1195 3172 seinvicem
1216 3118 1449 3171 comedit.
1493 3114 1701 3172 Atherti
1710 3118 1864 3175 versio
1877 3139 2122 3189 congrum

1235 3193 1269 3246 F
1961 3197 2121 3251 modo
