2571 3775
270 2003 351 2046 No.
380 2012 419 2055 4.

267 2482 350 2527 No.
369 2482 408 2527 6.

463 342 568 382 ΠΩ
1261 333 1556 355 ⁶-—

462 468 602 513 certo
639 471 701 507 ex
734 448 864 507 locis
903 445 1052 507 allatis
1093 462 1143 503 et
1166 461 1273 504 tam
1316 451 1460 503 variis
1493 446 1719 520 epithetis
1749 447 1917 520 colligi
1946 448 2084 521 poffe
2126 450 2347 519 videtur,

468 528 722 586 veteribus
754 543 931 583 omnes
951 523 1227 581 mullorum
1247 525 1433 594 species
1457 538 1507 577 et
1527 523 1746 578 barbatas
1768 540 1914 598 atque
1941 522 2190 580 imberbes
2210 525 2351 579 suiss'e

462 605 625 678 probe
648 617 814 664 notas,
848 598 1272 673 quotquothodie
1302 602 1352 652 in
1379 616 1571 653 oceano
1594 618 1846 670 europaeo
1869 604 2154 670 reperimus.
2229 605 2351 652 Ver-

464 681 540 737 iio
559 680 747 733 vetusta
770 671 1066 746 Aristotelis
1087 693 1112 729 a
1127 671 1293 730 Gallo·
1308 670 1494 729 Canius
1515 672 1724 745 inspe6³ffl
1746 673 1942 742 triglam
1964 678 2187 729 nominat
2229 672 2280 728 T
2274 690 2355 729 re·-

464 772 629 815 mam,
671 749 787 807 alibi
813 745 1068 804 Treiliam.
1153 748 1392 801 Posterius
1428 747 1731 806 vocabulum
1760 766 1824 800 ex
1853 747 2030 818 Trigla
2060 763 2351 820 corruptum

467 830 691 888 «videtur,
719 838 778 879 ut
802 825 970 884 secla,
1006 823 1069 875 de
1092 840 1194 897 quo
1218 821 1320 873 dixi
1339 819 1459 874 olim
1478 822 1540 874 ad
1562 819 1861 895 Oppianum
1889 839 1937 892 p.
1956 836 2017 886 38
2035 841 2075 885 3„

614 898 806 954 Mullus
835 895 1048 951 latinum
1086 912 1273 950 nomen
1307 895 1438 948 unde
1477 895 1684 950 dudium
1721 894 1798 959 fit,
1844 900 2090 949 incertum
2118 897 2203 950 est.
2279 900 2355 951 Ex

468 993 655 1047 graeco
669 968 842 1049 μύλος
862 985 1029 1026 ortum
1043 971 1424 1040 videripoterat3
1463 969 1545 1022 sed
1566 972 1748 1042 piscem
1761 974 1945 1040 graecis
1958 969 2147 1038 mylum
2167 968 2356 1024 dicium

470 1051 625 1118 ionge
652 1048 903 1103 diversum
933 1045 1027 1100 effe
1056 1045 1230 1100 docuit
1264 1041 1417 1099 Com.
1448 1042 1642 1116 Gesner
1670 1044 1883 1117 Aquatil.
1917 1064 1962 1116 p,
1987 1063 2011 1111 3
2029 1062 2108 1104 52-
2149 1058 2201 1098 et
2234 1063 2358 1109 729.
2386 1091 2389 1094 .

472 1128 730 1183 Postremo
752 1122 867 1176 loco
889 1120 1172 1175 addendum
1196 1133 1344 1189 puto,
1384 1119 1524 1191 quod
1554 1117 1842 1191 Aristoteles
1871 1123 1934 1171 H.
1959 1120 2022 1172 A.
2048 1124 2107 1172 V.
2136 1135 2219 1183 32.
2267 1116 2361 1172 ob-

470 1202 648 1261 rservat,
674 1212 720 1251 et
736 1197 889 1269 pisces
911 1213 939 1248 a
958 1193 1197 1265 pediculis
1216 1194 1310 1246 suis
1327 1198 1518 1256 vexari,
1556 1199 1641 1267 qui
1662 1195 1869 1266 quidem
1885 1213 1988 1248 non
2006 1212 2069 1248 ex
2089 1191 2197 1263 ipfis
2218 1194 2360 1264 pisci·-

471 1273 666 1335 busfed
684 1291 750 1325 ex
773 1270 895 1324 limo
918 1283 1238 1338 generentur,
1274 1268 1436 1338 specie
1457 1267 1612 1321 asellis
1637 1267 1936 1322 insedlorum
1954 1272 2168 1338 generis,
2203 1267 2359 1321 cauda

470 1363 668 1406 tantum
688 1345 796 1401 lata.
871 1348 1048 1399 Unum
1075 1361 1196 1397 vero
1232 1356 1280 1397 et
1315 1341 1521 1412 fimplex
1553 1345 1620 1397 est
1651 1361 1806 1412 genus
1837 1341 2184 1415 pediculorum
2214 1346 2361 1395 mari-

471 1442 600 1476 num
621 1435 670 1475 et
692 1422 999 1490 reperiuntur
1029 1417 1239 1491 ubique,
1282 1420 1501 1487 inprimis
1519 1430 1684 1471 tamen
1703 1422 1753 1470 in
1774 1417 1951 1471 mullis.
2027 1416 2222 1485 Vulgati
2251 1415 2362 1471 libri

470 1498 707 1568 scriptum
745 1494 829 1547 hic
874 1492 1057 1547 habent
1099 1487 1375 1573 τρώγλοις,
1425 1491 1475 1544 id
1524 1495 1609 1555 est,
1658 1497 1708 1545 in
1749 1496 1966 1546 cavernis
1979 1487 2002 1553 ς’
2052 1492 2135 1544 sed
2179 1490 2363 1544 mullos

474 1574 740 1626 nominant
764 1582 976 1641 quatuor
1009 1567 1224 1626 Codices
1261 1585 1439 1620 omnes
1462 1583 1488 1619 a
1511 1562 1697 1621 Carnus
1729 1566 1960 1630 adhibiti,
2006 1565 2127 1620 liber
2158 1571 2211 1621 Β.
2232 1565 2363 1618 Rhe·-

476 1650 620 1707 nani,
659 1661 810 1717 quem
833 1643 931 1713 ipse
968 1644 1276 1713 comparavi,
1329 1654 1378 1693 et
1407 1654 1548 1695 vetus
1579 1640 1732 1695 ver-fio
1762 1638 1936 1695 trilias
1968 1640 2128 1694 habet.
2206 1638 2365 1695 Gaza

476 1720 728 1790 ³vulgatam
748 1715 1012 1772 lediionem
1031 1718 1259 1788 sequitur.
1333 1718 1465 1768 Hinc
1488 1731 1710 1787 apparet,
1742 1717 1874 1769 unde
1895 1714 2101 1770 duflum
2122 1714 2199 1777 fit,
2227 1714 2364 1785 quod

480 1793 765 1849 Athenaeus
784 1792 847 1847 de
874 1790 1121 1846 vermibus
1141 1787 1414 1845 mullorum
1431 1805 1657 1846 ventrem
1671 1790 1999 1844 exedentibus
2023 1809 2086 1843 ex
2104 1785 2369 1860 Aristotele

479 1870 691 1924 tradidit.
768 1891 770 1894 ’
1289 1888 1291 1890 ·
1712 1892 1714 1894 v

641 1935 848 2018 Κόραξ,
887 1938 1031 1992 latine
1051 1940 1257 1994 Corvus.
1321 1935 1532 1993 Plinius
1559 1943 1757 1991 XXXII.
1788 1958 1829 1992 c.
1870 1958 1890 1990 1
1910 1959 1948 1990 r.
2010 1941 2234 1991 nominat
2261 1951 2367 1990 tan·

482 2031 593 2072 tum
611 2017 794 2087 piscem
812 2033 1053 2077 corvum,
1093 2027 1146 2065 ut
1179 2009 1349 2084 Celsus
1375 2019 1427 2066 11».
1459 2024 1537 2072 18·
1578 2017 1753 2072 *Locus
1786 2010 2039 2067 Athenaei
2072 2011 2192 2064 nihil
2221 2010 2367 2081 plane

480 2092 648 2166 docet.
725 2085 989 2161 Ausonius
1023 2085 1233 2158 Epistola
1255 2091 1317 2141 X.
1349 2088 1488 2142 versu
1510 2106 1594 2152 40.
1621 2093 1867 2140 marinum
1898 2106 2109 2140 corvum
2142 2106 2246 2140 non
2277 2086 2367 2138 du-

480 2182 705 2223 raturum
721 2165 835 2234 <post
858 2162 970 2216 bina
990 2161 1179 2221 bihoria
1201 2166 1438 2216 nominat.
1514 2162 1669 2232 Apud
1688 2160 2034 2216 Xenocratem
2052 2180 2155 2231 cap.
2177 2182 2192 2212 t
2216 2181 2254 2213 1.
2275 2180 2368 2214 110...

482 2246 698 2297 minatur
730 2244 780 2292 in
799 2236 1011 2306 <vulg-atis
1044 2236 1175 2289 libris
1204 2231 1465 2313 Κόρακος,
1503 2238 1642 2306 piscis
1673 2236 1876 2307 aliquis,
1911 2236 1993 2288 sed
2030 2235 2246 2288 Codices
2273 2238 2370 2287 Re-

488 2321 625 2385 gum,
664 2318 951 2378 Vaticanus,
985 2311 1342 2377 Vindingianus
1362 2325 1409 2362 et
1430 2311 1605 2366 Rasarii
1628 2313 1895 2387 χοριόιέος,
1930 2308 2178 2365 Leidenfis
2199 2303 2374 2386 κόρώέ

486 2389 671 2446 habent
693 2390 937 2456 scriptum.
1015 2389 1165 2453 Igitur
1183 2382 1330 2438 dubia
1354 2388 1522 2437 omnia
1541 2385 1663 2436 sunt.

600 2486 601 2489 ’
643 2457 905 2524 Χελὶδών,
943 2458 1186 2521 hirundo,
1221 2457 1418 2534 Ἱέραξ,
1457 2462 1655 2528 poetice
1671 2453 1840 2535 ι’1ρηί
1884 2461 2139 2528 accipiter,
2177 2456 2370 2511 milvus.

492 2533 790 2608 Aristoteles
821 2540 884 2587 H.
915 2535 979 2587 A.
1013 2539 1090 2586 IV.
1123 2553 1169 2599 9.
1213 2533 1428 2586 sonitum
1459 2537 1611 2586 etiam
1640 2533 1794 2586 edunt
1821 2533 2104 2586 hirundines
2136 2536 2371 2595 marinae,

458 2624 465 2640 ·’
490 2631 618 2685 quae
639 2610 867 2665 sublimes
888 2607 1114 2670 volitant,
1149 2606 1530 2678 haudquaquam
1555 2626 1689 2660 mare
1704 2611 2014 2675 attingentes,
2101 2611 2223 2659 Sunt
2236 2611 2372 2664 enim

491 2693 551 2742 -i-is
580 2691 758 2758 pinnae
778 2684 908 2741 „latae
941 2697 989 2735 et
1013 2682 1209 2750 longae,
1250 2680 1336 2733 ubi
1370 2681 1498 2734 male
1531 2682 1711 2736 Codex
1740 2687 1792 2735 B.
1815 2677 2054 2736 Rlzenam'
2083 2676 2249 2756 μικροὶ
2278 2699 2373 2749 pro

494 2757 694 2839 μωκρεέ,
730 2773 779 2814 et
812 2773 977 2815 tamen
1006 2751 1203 2810 filberti
1230 2754 1385 2808 versio
1413 2760 1561 2809 etiam
1590 2760 1762 2826 pinnas
1792 2755 1909 2808 latas
1941 2769 1989 2807 et
2014 2773 2184 2824 parvas
2204 2753 2372 2806 habet.

497 2834 734 2892 Aelianus
757 2838 807 2886 ΙΙ.
835 2854 878 2897 5.
909 2831 1223 2885 hirundinem
1244 2848 1361 2882 cum
1376 2829 1475 2883 aliis
1494 2835 1746 2893 nominat,
1777 2833 1860 2900 qui
1881 2828 1980 2883 idiu
2003 2847 2250 2882 venenum
2269 2827 2375 2881 vul-

500 2915 606 2965 neri
628 2913 923 2969 immittunt,
946 2926 1009 2960 ex
1029 2902 1274 2977 Oppiam
1297 2904 1475 2957 scilicet
1494 2910 1546 2956 ΙΙ.
1569 2924 1691 2971 459.
1739 2902 1824 2956 ubi
1856 2903 2069 2958 hirundo
2097 2916 2375 2974 praepeset

499 2987 753 3039 *venenatis
774 2982 951 3036 aculeis
973 2995 1154 3036 armata
1175 2979 1327 3032 audit.
1405 2979 1542 3031 Idem
1560 2984 1642 3031 IX.
1669 2995 1748 3041 52.
1781 2979 1932 3048 pisces
1962 2977 2183 3032 volantes
2212 2980 2374 3030 nomi-

503 3074 589 3112 nat
607 3057 904 3120 theuthides,
926 3058 1127 3124 (Sepias
1159 3052 1384 3120 loligines
1403 3056 1572 3119 Linn.)
1610 3055 1864 3123 accipitres
1894 3066 1943 3106 et
1959 3052 2254 3105 hirundines
2273 3067 2377 3102 ma-

497 3137 648 3187 rinas.
720 3127 1300 3184 Hirundineshumiliori
1318 3127 1489 3183 volatu
1509 3146 1658 3201 quam
1678 3126 1953 3188 teuthides,
1983 3129 2237 3196 accipitres
2257 3127 2381 3178 inter

2177 3211 2385 3253 natatio-
