2571 3775
149 2245 248 2286 Pii'c.
272 2257 337 2297 [zo.

178 2302 257 2344 ho.
279 2315 316 2356 3.

180 2388 259 2430 No.
278 2402 318 2445 4.

368 343 437 393 42

369 450 529 508 modo
561 443 854 513 ἱοηαεονοὲ,
887 439 1046 501 modo
1079 438 1303 521 o'wyerex
1332 439 1582 508 nominat,
1614 443 1759 501 Scoti
1798 445 1952 500 verfio
1980 443 2249 518 {onagroaz

370 533 449 584 De
470 543 635 579 errore
656 522 837 578 Gazae
856 527 1052 576 monuit
1070 525 1169 590 jam
1192 521 1314 574 olim
1335 517 1614 575 Salvianus
1632 539 1679 590 p.
1694 529 1779 584 67.
1812 526 1873 573 D.
1913 527 1992 575 IX.
2018 540 2063 573 2.
2097 527 2255 593 Saepe?

372 604 546 668 congri
565 598 717 652 cauda
737 617 764 650 a
785 609 1016 649 muraena
1041 596 1262 666 praerosa
1284 609 1450 648 meatu
1471 609 1905 648 excrementorum
1928 610 2069 649 tenus
2080 601 2251 649 vivunt

373 690 553 729 tamen.
608 677 724 725 VIII.
753 693 770 724 1
790 691 832 727 ς.
873 688 1082 738 conger,
1117 669 1301 740 orphus
1324 683 1371 722 et
1391 687 1623 723 muraena
1644 674 1787 722 certis
1809 674 1921 722 anni
1942 670 2248 739 temporibus

375 749 525 802 latent
557 746 719 799 abditi.
782 749 897 796 VIII.
926 763 1003 807 13.
1051 748 1101 797 in
1127 744 1225 797 alto
1255 747 1377 796 mari
1404 744 1591 812 degunt
1613 745 1879 817 pastinaca,
1918 763 2074 812 genus
2097 764 2255 799 omne-

376 821 829 889 cartilagineorum,
887 832 936 870 et
965 822 1136 887 congri
1166 817 1260 870 albi
1290 847 1356 858 —-
1396 832 1564 871 contra
1595 813 1757 886 pagri,
1807 819 2010 887 scorpii,
2078 823 2258 887 congri·

377 900 502 965 nigri
524 909 572 948 et
593 910 854 946 muraenae
880 906 927 944 et
951 896 999 945 in
1023 891 1199 962 pelago
1220 905 1267 944 et
1290 891 1351 944 acl
1370 889 1508 945 litora
1529 892 1729 958 degunt.
1805 895 1883 944 De
1915 911 2131 945 ovorum
2163 895 2253 945 du-

378 975 485 1024 ritie
515 969 653 1041 quod
674 967 829 1020 afferit
863 965 1210 1035 philosophus,
1250 984 1345 1037 qua
1374 984 1399 1018 a
1433 965 1739 1036 reliquorum
1757 967 1961 1034 piscium
1981 971 2089 1019 ovis
2112 968 2258 1020 disse-⁴

379 1057 518 1106 runt,
555 1042 588 1096 fi
611 1042 673 1094 de
691 1039 908 1093 laevibus
929 1039 1164 1093 omnibus
1186 1039 1339 1101 valet,
1388 1044 1536 1092 etiam
1569 1039 1630 1091 ad
1658 1039 1870 1105 thynnos
1899 1044 2143 1108 pertinere
2169 1038 2256 1093 de·-

378 1118 489 1178 bet3
542 1130 589 1169 et
616 1113 837 1186 profeRO
855 1118 905 1165 in
940 1113 1057 1168 loco
1099 1110 1391 1184 Aristotelis
1447 1117 1522 1165 VI.
1560 1132 1635 1176 ¹7·
1690 1112 1774 1165 ubi
1804 1114 1972 1180 thynni
2001 1133 2092 1167 ova
2127 1114 2257 1186 quasi

379 1193 522 1247 iaceo
541 1190 717 1243 inclusa
737 1205 904 1260 parere
923 1188 1178 1249 dicuntur,
1218 1181 1427 1240 Alberti
1447 1186 1599 1240 versio
1621 1186 1790 1240 habet:
1832 1203 1929 1241 ova
1958 1187 2092 1242 dura
2121 1187 2263 1259 quast

381 1263 439 1320 in
462 1262 626 1334 testis:
668 1269 730 1317 ita
759 1277 812 1314 ut
839 1281 940 1314 non
975 1260 1073 1321 διον
1115 1268 1170 1320 ἐν
1212 1255 1436 1319 θυλάκιο-
1468 1261 1549 1313 sed
1587 1258 1686 1319 διον
1724 1267 1779 1320 ἐν
1816 1257 2054 1338 &rpeiam
2096 1262 2258 1330 legisse

384 1339 617 1393 videatur.
692 1332 900 1391 Plinius
922 1354 1047 1407 quae
1068 1336 1129 1387 de
1151 1352 1340 1401 congro
1362 1334 1505 1387 habet
1530 1353 1591 1387 ex
1621 1332 1881 1404 Aristotele
1908 1341 2074 1388 omnia
2110 1351 2260 1389 trans-

385 1412 509 1466 tulit.
584 1407 776 1465 Ovidio
813 1411 950 1461 versu
992 1415 1104 1461 116.
1136 1412 1338 1460 immitis
1373 1409 1483 1460 suae
1520 1428 1605 1479 per
1640 1413 1795 1476 gentis
1837 1409 2035 1464 vulnera
2073 1429 2260 1478 conger

386 1487 534 1539 audit.
608 1481 855 1538 Aelianus
887 1488 966 1534 XI.
993 1502 1071 1546 37.
1114 1482 1346 1552 exemplo
1366 1479 1692 1536 Artemidori
1725 1502 1971 1550 congrum
2002 1503 2119 1536 cum
2153 1505 2262 1537 mu-

388 1577 532 1613 raena
558 1559 620 1611 ad
639 1557 1062 1623 cartilagineorum
1083 1555 1274 1609 claffem
1298 1555 1471 1617 refert3
1511 1557 1593 1609 sed
1616 1556 1714 1610 hoc
1740 1557 1941 1612 aucs’tore
1964 1558 2260 1630 philosopho

389 1636 606 1701 Stagirita
636 1652 736 1686 non
756 1629 893 1691 fecit3
926 1645 973 1683 et
998 1630 1120 1682 male
1141 1635 1323 1702 utique.
1399 1634 1606 1702 Repetiit
1627 1646 1789 1684 tamen
1811 1633 1924 1685 inde
1952 1631 2143 1686 Suidas
2175 1633 2260 1686 sub

391 1726 518 1761 voce
536 1701 805 1782 Σελάχωι,
884 1701 1160 1776 Ορρὶιῑφιιις
1182 1709 1211 1756 Ι.
1244 1725 1260 1755 1
1279 1724 1358 1765 13.
1399 1723 1643 1773 congrum
1665 1720 1712 1758 et
1731 1705 1943 1760 olisthon
1975 1711 2030 1774 (i.
2053 1707 2262 1760 elubri-

393 1784 535 1847 cum)
566 1799 697 1833 mare
716 1783 982 1832 fluviorum
1004 1780 1133 1831 ostiis
1155 1783 1373 1831 vicinum
1404 1779 1615 1832 habitare
1647 1784 1800 1840 canit,
1835 1781 1966 1833 idem
1997 1786 2184 1833 coitum
2216 1798 2264 1836 et

392 1859 761 1924 generationem
777 1871 1078 1920 congrorum
1094 1852 1301 1905 eandem
1328 1853 1421 1905 effe
1442 1853 1827 1922 utanguiliarum
1850 1855 1992 1907 tradit
2012 1855 2131 1907 vers
2149 1877 2167 1910 ς
2183 1874 2208 1906 2
2226 1878 2265 1908 r.

391 1925 663 1983 Nicander
691 1931 1036 1995 grammaticus
1061 1945 1302 1994 congrum
1324 1931 1469 1979 etiam
1493 1927 1701 1996 gryllum
1741 1924 2030 2004 (Γρύλλον)
2063 1929 2158 1982 dici
2189 1949 2266 1983 re-

391 2000 517 2072 fert,
543 2001 623 2053 sed
665 1998 911 2071 Diphilus
947 2001 1166 2053 medicus
1189 2002 1318 2070 apud
1350 1999 1661 2055 Athenaeum
1691 2002 1984 2069 distinguere
2017 2004 2205 2056 videtur
2239 2023 2265 2057 a

393 2094 601 2143 congrO,
635 2093 786 2146 quem
810 2092 926 2126 cum
955 2074 1246 2129 nominasset
1268 2089 1429 2138 antea,
1464 2075 1611 2144 paulo
1635 2078 1740 2146 post
1763 2075 1917 2129 subdit
1944 2076 2153 2145 gryllum
2180 2098 2265 2132 an-

393 2150 566 2219 guillae
587 2147 790 2203 fimilem
810 2147 916 2200 effe.

542 2261 727 2334 Μῦρος.
778 2261 960 2324 Myrus.
1016 2261 1093 2309 De
1118 2255 1218 2309 hoc
1248 2255 1360 2308 vide
1389 2254 1507 2308 infra
1538 2257 1597 2308 ad
1627 2260 1722 2310 No.
1743 2264 1791 2310 6.
1817 2258 2035 2312 dicenda.

544 2375 705 2441 Οφχς,
742 2370 964 2435 Serpens.
1024 2361 1317 2432 Aristoteles
1345 2369 1407 2416 H.
1428 2366 1490 2416 A.
1523 2370 1573 2416 ΙΙ.
1607 2384 1682 2429 14.
1732 2371 1853 2420 Sunt
1887 2372 2034 2421 etiam
2070 2372 2119 2422 in
2148 2375 2270 2425 mari

399 2440 657 2509 serpenteS‚
697 2438 871 2492 similes
892 2436 1207 2500 terrestribuS,
1237 2436 1320 2490 nifi
1343 2439 1481 2510 quod
1501 2454 1644 2508 caput
1664 2439 1844 2494 habent
1855 2461 2046 2511 congro
2057 2443 2268 2499 similius.

400 2519 594 2567 Genera
618 2517 794 2566 eorum
818 2514 924 2566 sunt
945 2510 1198 2580 complura
1213 2549 1227 2573 ,
1268 2512 1437 2565 colore
1461 2510 1675 2575 div‘ersO,
1714 2534 1804 2567 nec
1828 2520 1879 2568 in
1902 2517 2134 2571 altiffimis
2154 2539 2271 2588 gur-

401 2587 579 2655 gitibus
600 2587 797 2654 degunt.
864 2592 943 2638 IX.
972 2605 1050 2646 37.
1099 2589 1306 2654 Serpens
1343 2591 1558 2639 marinus
1597 2607 1776 2656 corpus
1811 2604 1858 2641 et
1891 2591 2114 2644 colorem
2148 2614 2269 2647 con-

401 2680 494 2729 gro
526 2660 731 2713 fimilem
761 2659 931 2722 habet,
963 2660 1045 2712 sed
1080 2657 1444 2723 obscuriorem,
1492 2675 1539 2713 et
1577 2666 1735 2714 acrior
1775 2662 2030 2729 (fortiorP)
2065 2668 2145 2717 est.
2222 2671 2270 2720 Si

402 2749 573 2804 captus
605 2735 898 2797 dimittatur,
959 2738 1010 2786 in
1039 2751 1237 2786 arenam
1268 2736 1424 2787 rostro
1463 2752 1612 2806 quam
1660 2740 1875 2802 primum
1917 2737 2089 2791 aelafio
2131 2738 2268 2794 subit.

401 2812 474 2863 Os
495 2808 642 2862 habet
672 2813 858 2871 acutius
879 2826 1029 2880 quam
1058 2809 1299 2877 serpentes
1331 2808 1516 2879 reliqui.
1592 2813 1686 2861 Hic
1709 2815 1835 2863 varia
1859 2813 2108 2865 Codicum
2143 2832 2270 2885 quo-

401 2884 611 2935 rundam
635 2881 779 2935 lediio
804 2882 968 2935 habet:
1003 2880 1054 2949 st
1075 2877 1406 2953 deprehensns
1431 2880 1673 2936 timuerit.
1720 2882 1928 2938 Plinius
1949 2891 2028 2938 IX.
2051 2906 2151 2956 cap.
2186 2909 2270 2950 27·

401 2956 549 3010 draco
572 2961 783 3009 marinus
807 2971 971 3025 captus
995 2970 1142 3027 atque
1165 2956 1400 3009 immissus
1423 2960 1472 3008 in
1495 2975 1716 3019 arenam,
1740 2977 1996 3012 cavernam
2018 2960 2100 3013 fibi
2114 2966 2271 3016 rostro

402 3034 522 3081 mira
555 3029 795 3082 celeritate
835 3044 1048 3083 excavat.
1145 3030 1292 3082 Vides
1322 3048 1442 3097 ergo
1477 3027 1728 3092 Plinium,
1776 3047 1857 3084 aut
1878 3052 2027 3104 qvem
2057 3036 2270 3104 sequitur

401 3102 586 3174 ubique
601 3140 616 3165 ,
647 3100 714 3158 N
713 3101 930 3173 igidizzm
954 3109 1004 3158 in
1027 3103 1159 3157 libris
1179 3103 1460 3174 philosophi
1479 3103 1727 3174 vulgatam
1748 3105 2013 3163 lechonem
2029 3109 2275 3176 reperisti,

2070 3186 2267 3239 Murae-
