2571 3775
172 915 215 955 P,
240 924 279 966 4.

171 970 254 1011 ΝΟ.
275 978 312 1009 2.

188 2418 267 2462 No.
289 2429 326 2474 5.

391 312 422 362 g
1182 315 1475 339 n*

1184 345 1240 352 ...-

387 451 449 487 ex
472 428 740 502 Aristotele
766 427 1088 508 Κυπριοινόν,
1123 432 1453 503 Cyprianum‚
1502 432 1750 494 nominat,
1796 446 1821 483 a
1860 429 2063 500 cyprino
2100 427 2261 484 diver-

386 508 462 561 sus
487 509 566 560 est.
660 511 808 561 Hunc
832 510 986 577 ipsum
1011 509 1312 576 Cyprianum
1331 504 1640 558 fluviatilibus
1674 519 1723 556 et
1752 503 2034 558 lacustribus
2053 503 2261 574 piscibus

386 594 675 634 annumerat
705 578 937 645 Dorion,
971 581 1286 652 eundemque
1311 578 1407 634 alio
1430 582 1634 632 nomine
1644 578 1946 648 Lepidorum
1966 577 2261 648 appellatum

385 653 521 709 fuiffe
541 655 697 717 addit,
732 673 763 707 a
781 656 1090 726 squam-arum
1109 652 1235 708 forte
1255 652 1605 722 magnitudine.
1641 651 2261 723 LepidotumNilipiscem,

385 730 639 800 Aegyptiis
665 729 871 791 sacrum,
895 743 1084 784 veteres
1112 741 1538 789 commemorant3
1574 730 1614 781 is
1636 727 1768 781 idem
1783 745 1846 782 an
1865 726 2078 781 diversus
2097 725 2263 789 fuerit,

383 820 682 872 ignoramus,

494 895 803 988 ‘''Asspagugz
844 914 920 964 Ex
934 910 1037 966 hoc
1057 925 1162 966 orta
1182 911 1290 964 sunt
1312 914 1432 969 mira
1454 914 1724 965 variatione
1751 905 2038 972 Abramm,
2059 906 2262 963 Bruma

388 983 604 1057 Bmfma
641 999 689 1038 et
731 984 913 1058 reliqua
950 984 1189 1040 vocabula
1225 984 1307 1037 hic
1341 984 1503 1055 pofita.
1595 983 1874 1056 Oppianus
1900 990 1933 1036 Ι.
1966 1003 2087 1049 244.
2144 1002 2261 1036 cum

391 1060 608 1117 chalcide
633 1073 681 1112 et
702 1059 856 1114 thriffa
878 1059 1150 1116 abramides
1171 1074 1223 1112 ut
1241 1059 1391 1129 pisces
1422 1062 1637 1112 marinos
1657 1058 1913 1127 gregatiles
1947 1076 2265 1112 commemo-

389 1148 490 1197 rat,
540 1138 625 1205 qui
648 1152 733 1204 per
760 1147 923 1188 totum
943 1152 1077 1186 mare
1094 1148 1322 1202 vagantes
1354 1132 1490 1186 nullo
1520 1137 1569 1185 in
1591 1132 1707 1186 loco
1731 1135 2006 1187 constanter
2034 1132 2265 1185 habitant.

389 1208 487 1261 Sed
523 1207 745 1266 Niioticis
783 1206 989 1277 piscibus
1019 1221 1312 1262 annumerat
1347 1201 1639 1261 Athenaeus
1660 1211 1757 1259 VII.
1791 1225 1895 1278 cap.
1935 1226 2010 1269 17.
2044 1220 2093 1260 et
2133 1205 2265 1261 salsa—

392 1296 558 1339 menta
579 1281 693 1336 hinc
713 1279 835 1335 facia
864 1280 1173 1357 ἁβραμίδμχ,
1210 1280 1472 1334 abramidia
1486 1318 1500 1343 ‚
1535 1285 1760 1334 nominat
1777 1278 2101 1337 Xenocrates
2125 1300 2166 1333 c.
2189 1287 2265 1333 26.

393 1361 443 1410 in
467 1357 580 1408 fine.
655 1355 740 1408 Ad
768 1355 903 1408 hunc
925 1356 1105 1425 piscem
1126 1358 1273 1408 etiam
1295 1359 1537 1425 pertinere
1559 1356 1794 1426 suspicor,
1834 1373 1958 1428 quae
1980 1354 2127 1408 habet
2146 1354 2266 1409 Gal-

393 1430 513 1483 licus
560 1428 622 1481 de
663 1443 831 1486 natura
885 1447 1051 1487 rerum
1095 1428 1266 1483 audior
1313 1428 1460 1499 apud
1492 1427 1552 1483 V
1551 1425 1821 1487 iacentium
1856 1434 2004 1485 XVII.
2046 1449 2148 1500 cap.
2183 1449 2266 1494 ει).

394 1504 664 1564 Abrenon,
698 1502 812 1562 alias
847 1501 1095 1562 abarenon
1127 1504 1195 1563 est
1226 1503 1397 1573 piscis,
1442 1516 1495 1556 ut
1536 1503 1654 1556 dicit
1684 1503 2004 1566 AristoteIeS,
2050 1503 2268 1557 multum

394 1577 670 1633 foecundus
690 1581 797 1630 ovis
812 1614 827 1639 ‚
860 1595 951 1630 nec
971 1576 1181 1630 aliorum
1206 1574 1262 1635 ea
1285 1595 1427 1631 more
1451 1576 1683 1630 comaciu
1706 1581 1852 1630 maris
1881 1582 2029 1648 parit,
2074 1579 2156 1631 sed
2184 1596 2269 1631 na-

398 1651 537 1709 turali
563 1650 779 1723 quodam
797 1649 1023 1707 instinc'iu
1045 1666 1268 1704 ventrem
1290 1652 1434 1704 suum
1458 1651 1517 1705 ad
1537 1669 1766 1704 araenam
1787 1649 1952 1715 fricat,
1993 1671 2118 1724 quae
2148 1671 2269 1706 con-

392 1726 532 1785 *tactu
551 1726 709 1795 aspera
730 1739 778 1778 et
806 1727 948 1793 gustu
976 1724 1112 1787 salsa,
1148 1724 1308 1797 ficque
1339 1742 1433 1778 ova
1462 1741 1700 1795 concepta
1728 1730 1849 1796 parit
1876 1741 1923 1779 et
1950 1730 2058 1797 post
2077 1742 2272 1796 tempus

403 1801 626 1857 debitum
646 1797 807 1853 foetus
829 1799 1008 1857 educit.
1102 1798 1291 1851 Ibidem
1312 1796 1531 1871 Q‘Jomtlz
1551 1803 1613 1851 ita
1634 1799 1694 1852 de
1718 1800 1898 1852 eodem
1921 1801 2085 1853 tradit:
2131 1802 2274 1854 Piscis

403 1871 558 1932 abram
577 1872 699 1926 hora
718 1875 1010 1944 tempestatis
1040 1877 1186 1925 maris
1210 1887 1348 1927 natos
1370 1873 1481 1926 suos
1501 1876 1551 1925 in
1577 1888 1743 1926 ventre
1763 1873 1922 1936 salvat,
1956 1889 2003 1927 et
2019 1877 2126 1945 post
2148 1890 2274 1927 tem-

404 1950 634 2019 pestatem
672 1952 859 2001 evomit
897 1966 998 2000 eos.
1064 1947 1167 2000 ‚Sed
1185 1950 1226 2000 is
1255 1960 1421 2000 tamen
1450 1947 1512 1999 de
1535 1947 1722 2000 diverso
1741 1947 1867 2018 pisce
1903 1948 2041 2020 loqui
2065 1949 2274 2002 videtur.

402 2016 701 2078 Alexander
721 2020 908 2074 ibidem
927 2033 1030 2091 cap.
1048 2039 1068 2082 3
1085 2040 1128 2080 ς.
1203 2017 1383 2073 Bmtza
1406 2022 1473 2074 est
1492 2022 1630 2090 piscis
1652 2021 1878 2083 fluviali&
1904 2026 1989 2094 qui
2014 2041 2129 2075 cum
2141 2023 2276 2077 videt

402 2096 485 2157 fibi
507 2096 690 2148 lucium
711 2098 968 2148 imminere
987 2092 1195 2146 declinat
1213 2093 1274 2146 ad
1299 2095 1524 2156 coenoffi,
1552 2113 1788 2166 aquarum
1803 2095 2140 2166 limpiditatem
2157 2116 2277 2168 quas

403 2170 549 2223 habet
588 2185 613 2219 a
651 2181 792 2236 tergo
827 2166 1130 2239 perturbans.
1239 2172 1461 2223 Primum
1514 2166 1779 2222 Vincenti]
1814 2168 1985 2223 locum
2035 2171 2275 2241 exscripsit

401 2241 648 2302 Albertus
671 2248 844 2298 XXIV.
874 2262 917 2312 p.
943 2240 1118 2305 2402)ss
1152 2240 1432 2311 sedppiscem
1454 2246 1679 2294 nominat
1699 2238 1981 2297 Abarimon.
2056 2245 2276 2299 Aliunde

399 2314 697 2377 Bresmim,
729 2313 980 2373 Breisnas
1009 2328 1059 2366 et
1083 2311 1324 2368 Bremms
1354 2314 1518 2368 laudat
1547 2312 1792 2385 Cartgms.

549 2420 750 2504 Χάραξ
784 2421 1061 2496 Oppianus
1085 2427 1119 2474 Ι.
1147 2440 1165 2473 1
1185 2441 1264 2485 13.
1313 2425 1438 2475 inter
1454 2424 1608 2494 pisces
1638 2428 1861 2480 nominat
1882 2431 1964 2500 qui
1985 2431 2035 2481 in
2056 2432 2204 2500 petris
2227 2444 2278 2484 et

402 2519 546 2555 arena
570 2501 769 2569 degunt.
881 2494 1128 2551 Aelianus
1149 2500 1250 2549 XII.
1276 2514 1357 2558 25.
1400 2501 1545 2551 maris
1577 2498 1708 2552 rubri
1743 2499 2000 2555 characem
2032 2518 2280 2558 memorat

403 2579 563 2646 pinnis
584 2571 817 2628 omnibus
837 2574 1063 2624 inauratis
1084 2590 1200 2622 cum
1221 2571 1402 2632 cauda,
1441 2591 1650 2642 corpore
1680 2578 1818 2627 zonis
1843 2582 2096 2646 purpureis
2127 2578 2279 2648 pido,

405 2648 563 2702 oculi-s
598 2648 771 2701 mediis
792 2661 1032 2715 purpurea
1063 2643 1235 2697 umbra
1265 2644 1436 2697 divisis.
1530 2644 1785 2717 Diphilus
1806 2651 1938 2719 apud
1963 2649 2280 2705 Atllewaeum

406 2727 519 2776 VIII.
547 2742 593 2793 p.
622 2741 677 2781 3<
695 2742 736 2775 ς.
771 2719 1096 2787 synodontem
1120 2732 1169 2772 et
1189 2717 1448 2772 characem
1461 2721 1690 2785 ejusdem
1710 2719 1821 2774 facit
1839 2728 2056 2790 genem,
2097 2726 2179 2779 sed
2201 2725 2280 2780 di-

408 2797 598 2851 versum
634 2810 800 2848 tamen
829 2812 985 2846 unum
1014 2792 1074 2845 ab
1094 2792 1262 2846 altero.
1357 2793 1504 2846 Vide-s
1530 2796 1673 2862 igitur
1709 2797 1888 2865 piscem
1925 2803 2170 2853 marinum
2199 2801 2282 2854 hic

409 2870 552 2941 plane
592 2888 695 2923 non
731 2871 1022 2928 convenire,
1058 2880 1107 2920 et
1142 2884 1264 2919 vana
1298 2869 1367 2921 est
1396 2868 1499 2920 soni
1531 2867 1794 2924 similitudo
1824 2875 1872 2924 in
1905 2875 2283 2942 pronunciando

411 2943 654 2999 vocabulo
684 2937 884 3017 Χάραξ
907 2960 1022 2993 curn
1047 2942 1277 2994 Carasfio.
1357 2945 1721 3000 Germanicum
1739 2963 1925 3000 nomen
1948 2953 2110 3019 potuit
2137 2953 2284 3003 etiam

412 3036 439 3071 a
473 3020 722 3076 Coracino
743 3031 791 3071 et
824 3020 1016 3072 Corace
1038 3014 1258 3070 derivari.

2086 3165 2290 3234 Ψύλων,
