2571 3775
364 346 438 397 44

368 462 402 513 1.
432 477 473 518 ς.
499 459 669 527 pinnas
691 457 903 510 omnino
931 451 1087 507 nullas
1116 451 1413 524 <pectorales
1448 469 1633 522 nempe
1661 464 1709 505 et
1739 449 2004 514 ventraleS,
2048 467 2168 523 quas
2199 454 2250 505 in

371 547 538 587 motus
567 533 892 584 instrumentis
911 528 1230 600 philosophus
1250 527 1372 582 solas
1395 526 1707 594 numerabat)
1739 525 1885 579 habet
1914 544 2165 588 muraena,
2197 540 2247 580 et

373 611 426 661 in
466 609 588 659 mari
616 618 745 658 natat
785 620 848 657 eo
882 604 1040 657 modo
1078 621 1179 674 quo
1211 604 1454 673 serpentes
1493 606 1541 654 in
1573 615 1699 654 terra
1718 598 1976 653 incedunt.
2060 601 2245 653 Eadem

373 684 547 749 repetit
576 684 628 731 II.
658 697 712 742 5¹
733 698 774 740 3.
805 693 854 731 et
875 677 1127 731 branchias
1149 696 1252 731 non
1273 691 1368 730 tam
1393 674 1629 747 persedias
1655 690 1703 729 et
1726 675 1855 728 bene
1882 676 2118 745 expreffas
2150 674 2246 727 effe

377 768 431 808 ut
451 759 499 807 in
518 753 714 825 reliquis
740 751 945 822 piscibus
975 752 1122 805 addit.
1206 756 1337 804 Hinc
1367 751 1496 804 male
1528 747 1734 804 Plinius
1757 755 1837 801 IX.
1861 767 1946 802 20.
1984 747 2244 802 transtulit:

377 827 537 884 nullae
570 832 744 897 pinnae
775 829 1040 887 muraeniS,
1096 824 1270 897 quibus
1305 844 1396 878 nec
1433 824 1705 877 branchiae.
1789 828 1926 876 Haec
1960 828 2127 877 omnia
2159 827 2246 877 fle·-

377 902 535 956 xuoso
559 919 825 971 corporum
854 898 1062 970 impulsu
1095 903 1157 952 ita
1190 903 1312 952 mari
1344 913 1572 960 utuntur,
1628 912 1679 950 ut
1706 898 1948 967 serpentes
1978 914 2116 950 terra.
2192 902 2245 949 In

376 975 504 1031 ficco
522 992 721 1047 quoque
742 988 942 1044 repunt,
962 974 1078 1027 ideo
1099 977 1246 1026 etiam
1266 977 1506 1026 vivaciora
1528 971 1648 1025 talia.
1696 969 1993 1041 Aristoteles
2014 972 2130 1025 loco
2153 991 2244 1041 po-

376 1052 557 1104 stremo
570 1063 822 1120 quaternas
835 1052 1064 1119 utrinque
1084 1046 1336 1100 branchias
1358 1047 1571 1117 simplice
1592 1045 1765 1099 ordine
1783 1048 1984 1114 affignat
2005 1045 2246 1112 anguillae

376 1137 426 1178 et
446 1140 724 1185 muraenae,
763 1136 932 1175 contra
952 1121 1088 1174 binas
1111 1126 1354 1193 utrinque,
1391 1121 1589 1174 alteram
1613 1119 1882 1189 duplicem,
1916 1119 2118 1171 alteram
2139 1118 2249 1171 lim-

376 1196 557 1268 plicem
586 1214 799 1264 congro:
849 1214 912 1249 ex
947 1215 1049 1268 quo
1078 1194 1263 1247 clarum
1288 1197 1354 1249 est
1373 1200 1537 1266 priore
1570 1198 1620 1246 in
1643 1193 1759 1246 loco
1782 1192 2037 1246 branchias
2063 1193 2160 1245 dici
2183 1193 2245 1245 dc

378 1271 721 1324 branchiarum
742 1285 986 1340 apertura3
1039 1269 1176 1340 quod
1207 1289 1308 1323 non
1339 1269 1675 1321 animadvertit
1712 1264 1946 1321 Severini
1981 1271 2247 1321 Zootomia

379 1364 425 1416 p.
447 1352 639 1405 368.--
672 1349 848 1397 VIII.2.
881 1343 977 1397 sola
991 1361 1133 1396 carne
1146 1342 1340 1396 victitat.
1378 1342 2096 1412 IX.2.Congricaudamlaepe
2109 1360 2248 1412 prac-

374 1419 511 1474 rodit
523 1436 767 1471 muraena.
806 1422 920 1469 VIII.
944 1438 959 1468 1
977 1436 1020 1483 3.
1044 1435 1307 1470 muraenae
1320 1421 1427 1470 etin
1448 1414 1546 1469 alto
1559 1420 1681 1468 mari
1694 1420 1799 1467 etin
1812 1415 2032 1470 litoribus
2046 1417 2248 1484 degunt.

380 1496 495 1544 VIII.
530 1512 604 1553 ¹5·-
636 1509 724 1560 per
746 1492 963 1544 hiemem
984 1491 1109 1544 latet.
1194 1496 1245 1543 II.
1282 1511 1357 1552 ις.
1388 1489 1451 1545 fel
1482 1493 1714 1543 intestinis
1743 1489 2030 1557 adjundlum
2065 1489 2250 1542 habent

381 1580 463 1620 aut
493 1566 727 1619 semotius
748 1583 773 1618 a
795 1568 1011 1631 jecinore
1044 1580 1125 1618 aut
1155 1568 1355 1636 propius
1382 1580 1436 1618 ut
1455 1583 1586 1627 rana,
1607 1564 1761 1634 elop3,
1791 1566 2028 1633 synagris,
2062 1564 2252 1632 gladius

382 1655 432 1693 et
460 1658 705 1693 muraena.
779 1645 836 1692 V.
857 1660 904 1705 4.
938 1638 1157 1693 animalia
1181 1658 1304 1710 quae
1321 1638 1526 1709 pedibus
1550 1653 1714 1691 carent
1732 1654 1813 1692 aut
1835 1637 1989 1707 longo
2012 1641 2118 1692 sunt
2140 1658 2251 1694 coz·-

381 1722 529 1786 porc,
566 1728 621 1766 ut
636 1731 897 1766 muraenae
916 1728 964 1766 et
983 1714 1250 1783 serpentes,
1286 1718 1341 1766 iis
1365 1718 1521 1766 coitus
1548 1712 1884 1782 circumplexu
1918 1729 2096 1766 mutuo
2125 1715 2250 1783 supi-

383 1806 558 1841 narum
581 1791 789 1858 partium
809 1791 1065 1857 peragitur.
1177 1785 1386 1841 Plinius
1414 1802 1600 1858 praeter
1622 1806 1704 1848 ea,
1744 1806 1867 1858 quae
1897 1806 1922 1839 a
1954 1787 2249 1858 philosopho

383 1862 644 1925 transtulit,
683 1861 766 1916 nisi
786 1859 969 1914 fabulas
990 1875 1071 1914 aut
1091 1859 1224 1923 talia,
1266 1880 1391 1933 quae
1404 1862 1503 1913 huc
1516 1859 1693 1914 referre
1717 1877 2011 1931 monoperae
2025 1864 2107 1923 est,
2146 1880 2248 1915 non

382 1936 536 1988 tradit.
611 1941 832 2003 Pugnam
854 1953 1114 1988 muraenae
1125 1954 1240 1987 cum
1262 1934 1439 1989 carabo
1459 1950 1507 1987 et
1516 1935 1697 2005 polypo
1718 1953 1779 1987 ex
1796 1932 2040 2007 Oppiuno
2061 1940 2115 1986 11.
2130 1953 2155 1986 2
2169 1955 2189 1993 ς
2209 1955 2249 1990 ς.

379 2022 428 2062 et
449 2013 501 2060 II.
531 2027 645 2070 321.
674 2009 911 2078 exscripsit
939 2028 1042 2063 non
1073 2008 1170 2062 fine
1192 2028 1357 2063 errore
1385 2006 1632 2062 Aelianus
1661 2014 1692 2061 1.·
1723 2027 1801 2071 32.
1896 2012 2101 2063 Coitum
2132 2027 2251 2062 cum

378 2086 538 2152 vipera
561 2080 833 2136 fabulosum
854 2101 916 2135 ex
928 2083 1107 2136 eodem
1127 2088 1157 2134 Ι.
1179 2103 1199 2139 5
1216 2104 1295 2144 54.
1329 2088 1518 2152 repetiit
1537 2087 1568 2134 I.
1589 2103 1667 2136 to,
1704 2099 1849 2153 atque
1866 2087 2046 2136 iterum
2069 2089 2250 2137 1X.66.

381 2156 515 2208 Idem
539 2161 617 2209 IX.
651 2175 735 2219 40.
777 2175 1039 2209 muraenae
1079 2155 1330 2224 duplicem
1367 2157 1588 2209 dentium
1625 2158 1853 2210 ordinem
1894 2159 2105 2225 affignat.
2181 2162 2248 2209 Ita

381 2230 571 2283 videtur
592 2249 707 2282 cum
727 2229 828 2283 aliis
853 2230 1023 2283 locum
1048 2228 1338 2299 Aristotelis
1365 2234 1691 2299 interpretari,
1742 2229 1824 2282 ubi
1854 2249 2050 2297 myrum
2077 2232 2247 2284 dentes

381 2317 430 2355 et
452 2307 582 2356 intus
601 2319 647 2356 et
661 2318 801 2356 extus
817 2303 995 2355 habere
1015 2307 1103 2363 ait,
1140 2322 1257 2355 cum
1278 2300 1484 2356 Plinius
1501 2304 1671 2356 dentes
1693 2318 1825 2356 extra
1845 2323 1902 2357 os
1927 2307 2141 2360 exsertos
2164 2324 2249 2358 ex-

380 2376 651 2447 plicaverit,
684 2376 848 2448 quales
870 2381 918 2429 in
948 2376 1076 2429 nulla
1107 2394 1449 2429 muraenarum
1470 2378 1625 2447 specie
1648 2379 1859 2446 conspici
1879 2379 2033 2432 afferit
2067 2379 2130 2434 L.
2156 2377 2248 2433 le.

384 2448 680 2504 Gronovius
699 2451 759 2502 ad
780 2447 948 2504 Plinii
968 2449 1145 2502 librum
1165 2455 1244 2502 IX.
1266 2469 1310 2520 p.
1338 2463 1418 2511 87.
1490 2453 1637 2504 ‘Aceti
1662 2453 1800 2519 gustu
1820 2458 2078 2523 praecipue
2102 2458 2151 2506 in
2174 2473 2247 2507 ra-

386 2522 520 2576 biem
548 2529 623 2592 agi
655 2542 939 2577 muraenam
968 2524 1112 2576 tradit
1139 2524 1273 2576 idem
1301 2521 1532 2589 Plinius,
1567 2525 1704 2596 quod
1737 2525 1866 2579 recie
1897 2528 2154 2597 explicavit
2183 2526 2246 2583 L.

391 2594 482 2651 Th.
511 2596 807 2651 Gronovius
833 2615 877 2666 p.
895 2610 974 2656 88.
1063 2602 1323 2653 Muraenas
1346 2596 1557 2651 habitare
1578 2614 1736 2668 petras
1762 2603 2042 2655 cavernostis
2066 2617 2114 2654 et
2135 2601 2247 2656 cha-

385 2674 479 2724 mis
508 2671 791 2744 patellisque
818 2672 982 2742 plenas
1010 2676 1137 2723 canit
1163 2677 1194 2723 I.
1222 2689 1333 2734 142.
1410 2668 1675 2725 Columella
1701 2679 1814 2725 VIII.
1851 2694 1925 2737 17.
1956 2675 2115 2728 flutas
2136 2685 2249 2728 muss

384 2762 575 2807 raenas,
615 2764 740 2816 quae
761 2750 973 2798 maxime
994 2744 1288 2815 probentur,
1328 2759 1377 2797 et
1412 2765 1624 2817 quorum
1658 2751 1805 2816 pretia
1836 2752 2053 2816 vigeant,
2093 2749 2248 2803 inclu-

384 2817 498 2871 dere
519 2820 692 2888 piscina
715 2820 891 2881 docet,
929 2834 978 2873 et
998 2823 1046 2871 in
1069 2820 1242 2891 piscina
1267 2821 1434 2889 specus
1454 2824 1503 2872 in
1530 2820 1786 2873 cochleam
1811 2835 2020 2876 retortos
2051 2843 2142 2877 nec
2175 2829 2249 2878 ni-

382 2897 475 2944 mis
498 2894 728 2960 spatiosos
750 2892 906 2946 facere
928 2892 1090 2959 jubet,
1140 2898 1188 2946 in
1216 2892 1401 2965 ‘quibus
1430 2913 1689 2947 muraenae
1723 2894 2013 2949 delitescant.
2089 2903 2247 2967 Pergit

381 2964 577 3019 deinde:
636 2986 913 3040 quanquam
956 2966 1201 3021 nonnullis
1242 2969 1548 3021 commisceri
1594 2987 1673 3021 eas
1712 2988 1827 3020 cum
1867 2969 2060 3024 alterius
2099 2991 2248 3026 notae

382 3038 586 3106 piscibus
616 3060 716 3094 non
742 3042 928 3112 placet3
968 3046 1078 3114 quia
1110 3041 1141 3094 fi
1167 3040 1296 3094 rabie
1321 3056 1584 3103 vexantur,
1619 3044 1754 3113 quod
1778 3044 1894 3095 huic
1920 3051 2085 3111 generi
2112 3047 2249 3099 velut

383 3115 559 3168 canino
588 3114 705 3168 solet
735 3117 980 3180 accidere,
1018 3117 1283 3173 saevissime
1311 3117 1665 3188 persequuntur
1684 3117 1968 3189 squamosos
1986 3119 2257 3191 plurimos-

1166 3222 1171 3225 -
2152 3212 2250 3266 que
