2571 3775
800 311 825 349 ὀ

346 386 454 444 aaa
1166 390 1461 418 ---·-··s
1225 392 1232 395 ·*
1387 396 1389 398 ·
1447 422 1451 424 v

350 511 596 575 calefecit,
631 524 776 584 atque
794 511 855 563 ita·
879 509 1196 579 gasterosteos
1223 509 1528 585 (emmelim)
1553 531 1577 566 a
1601 513 1756 583 gradu
1776 512 1949 570 caloris
1973 535 2035 583 ¹4
2058 515 2296 580 deficere3

348 589 534 644 albulas
558 583 814 655 (ablettes)
834 590 884 638 in
907 586 1061 653 gradu
1087 606 1142 644 31
1171 585 1465 642 libramento
1498 594 1723 660 corporis
1744 591 1916 645 amiss'o
1942 597 2091 647 morti
2115 611 2296 663 appro-

350 670 591 737 pinquare
609 662 744 715 vidit.
821 665 998 713 Percae
1029 665 1078 712 in
1108 661 1263 727 gradu
1297 680 1363 712 22
1395 664 1590 734 supinae
1620 668 1960 740 immotaeque
1990 667 2296 729 innatabant3

351 738 598 809 gobiones
625 735 831 804 gradum
857 753 918 800 23
944 731 1172 786 infestum
1199 735 1531 805 patiebantur,
1563 739 1685 792 dum
1718 745 1943 810 cyprinus
1972 746 2140 814 caspio
2161 747 2296 810 vige-

351 815 462 876 bat,
496 811 716 865 crebrius
749 825 914 861 tamen
938 807 1166 879 spirabat,
1208 811 1410 864 tandem
1438 832 1560 867 vero
1580 812 1666 866 sub
1690 814 1845 882 gradu
1866 816 2042 872 caloris
2067 830 2129 876 28
2156 816 2299 870 libra-

351 902 526 945 mento
547 899 791 955 motuque
812 887 951 936 omni
987 902 1167 953 corpus
1196 885 1392 939 excidit.
1469 888 1612 941 Ultra
1647 903 1812 941 tamen
1846 889 1979 944 hunc
2007 893 2215 960 gradum
2234 892 2294 945 ad

351 960 654 1032 trigesimum
678 977 834 1032 usque
853 959 1002 1030 pisces
1023 957 1241 1012 calorem
1265 978 1503 1033 aquarum
1533 961 1671 1017 facile
1690 964 1906 1036 passuros
1926 966 2018 1020 effe
2037 968 2297 1037 suspicatur

354 1044 406 1093 B.
440 1037 473 1091 fi
504 1040 689 1089 cautius
724 1039 1090 1087 incrementum
1125 1033 1299 1088 caloris
1327 1036 1653 1107 dispensetur3
1731 1042 1955 1112 intraque
1984 1042 2191 1110 gradum
2224 1061 2296 1106 40

353 1112 553 1168 vitalem
575 1110 798 1164 »calorem
829 1107 1085 1162 consistere
1117 1111 1368 1164 existimat.
1444 1117 1655 1182 Frigoris
1687 1114 1923 1181 gradum,
1962 1134 2114 1188 quem
2147 1116 2297 1186 pisces

347 1188 481 1245 „ferre
501 1186 720 1257 possunt,
756 1183 788 1236 fi
812 1202 1188 1253 comparemus,
1226 1182 1367 1238 facile
1397 1203 1595 1258 apparet
1622 1187 1797 1241 scalam
1832 1189 1994 1244 multo
2016 1187 2316 1257 breviorem'

350 1265 560 1337 piscium
587 1265 733 1315 vitam
763 1259 1053 1320 decurrere,
1094 1277 1243 1330 quam
1278 1261 1565 1314 animalium
1597 1264 1827 1332 languine
1859 1265 2018 1320 calido
2049 1260 2295 1336 praedito-

356 1358 483 1393 rum.
539 1339 755 1390 Brevitas
779 1348 944 1387 tamen
962 1333 1085 1386 haec
1104 1334 1287 1404 pendet
1309 1347 1370 1388 ex
1393 1341 1582 1392 ratione
1604 1337 1778 1392 caloris
1800 1339 1979 1403 vitalis,
2020 1359 2123 1413 quo
2143 1340 2295 1411 pisces

349 1413 418 1468 ab
439 1411 543 1484 ipfis
555 1412 681 1464 adeo
701 1407 955 1479 reptilibus
968 1407 1258 1462 animalibus
1269 1414 1547 1465 vincuntur.
1578 1410 1842 1468 Martiae-t
1854 1414 2071 1470 calorem
2090 1416 2297 1484 piscium

351 1497 661 1543 marinorum
686 1482 1038 1553 complurium,
1059 1498 1311 1552 praeterea
1332 1485 1518 1540 trofiae
1539 1486 1748 1555 (truite)
1769 1503 1819 1541 et
1838 1489 2151 1543 fluviatilium
2173 1507 2297 1561 quo-

355 1563 565 1618 rundam
586 1578 689 1613 uno
711 1573 901 1611 tantum
927 1558 1081 1626 gradu
1104 1577 1276 1630 aquae,
1298 1565 1378 1613 cui
1400 1562 1695 1625 innatabant,
1718 1563 1934 1618 calorem
1954 1564 2195 1618 excedere
2215 1582 2301 1616 ex·

354 1637 617 1710 pertus-est·
647 1640 702 1687 ln
717 1637 959 1704 carpionis
970 1633 1248 1688 ventriculo
1260 1636 1493 1690 insertum
1513 1636 1932 1692 thermom-etrum
1943 1637 2300 1692 Fahrenheitia-

356 1732 481 1767 num
503 1710 656 1764 tribus
686 1722 738 1762 ct
759 1709 967 1763 dimidio
986 1707 1215 1777 gradibus
1245 1711 1505 1765 ascendere
1531 1710 1654 1766 ultra
1673 1731 1826 1784 aquae
1849 1726 2297 1784 temperamentum

356 1788 495 1843 vidit.
572 1784 668 1838 Sed
697 1787 747 1836 in
773 1784 902 1853 pisce
932 1802 1057 1854 aqua
1086 1785 1165 1836 sua
1201 1784 1422 1839 extradio
1460 1804 1625 1840 aerem
1655 1792 2054 1857 experimentum
2085 1785 2298 1841 alteraffe

356 1875 533 1918 mon-et
550 1856 871 1932 Brouffomt.
948 1858 1051 1927 Ipse
1079 1872 1247 1912 contra
1283 1864 1480 1931 corpori
1508 1861 1712 1930 piscium
1734 1865 1784 1914 in
1808 1863 1906 1931 ipsa
1922 1880 2052 1934 aqua
2072 1862 2299 1914 detento-

360 1957 473 1992 rum
502 1935 698 1987 inseruit
725 1933 1031 1994 mensuram,
1076 1947 1124 1985 et
1152 1933 1392 2000 anguillae
1429 1934 1645 1988 calorem
1685 1935 1837 1988 tribus
1869 1940 2050 2009 quartis
2082 1933 2300 2006 partibus
2371 1990 2375 1993 x

356 2011 539 2082 gradus
559 2046 574 2071 ,
606 2073 609 2076 ι
635 2012 926 2078 Carpionum
957 2010 1151 2075 integro
1186 2007 1341 2074 gradu
1366 2046 1382 2072 ,
1443 2009 1759 2081 quorundam
1790 2027 1953 2063 tamen
1990 2009 2300 2083 sesquialtero

359 2085 687 2156 graduaquae
710 2096 1157 2153 temperamentum
1179 2083 1421 2137 excedere
1444 2084 1577 2136 vidit.
1651 2089 1784 2137 Hinc
1804 2084 1992 2138 dubitat
2017 2085 2078 2138 de
2100 2088 2300 2146 veritate

358 2160 714 2216 observationis
739 2156 800 2210 ab
833 2152 1037 2226 Olaffen
1068 2155 1247 2219 fadiae,
1288 2162 1372 2230 qui
1405 2162 1458 2211 in
1486 2158 1635 2232 squali
1665 2159 1825 2229 glauci
1854 2161 2086 2228 sanguine
2105 2157 2300 2213 notabi-

352 2237 453 2291 lem
475 2233 689 2288 calorem
714 2230 799 2285 fibi
818 2235 1030 2303 reperire
1053 2233 1177 2285 visus
1199 2233 1284 2287 est.

503 2306 743 2362 Nonnihil
763 2308 917 2377 pisces
944 2306 1006 2359 de
1029 2306 1190 2360 calore
1222 2309 1310 2361 suo
1330 2304 1610 2378 perduntin
1631 2309 1723 2378 ipsa
1748 2327 1898 2380 aqua3
1930 2309 2044 2361 hinc
2066 2310 2299 2378 proxima

353 2403 466 2457 pars
501 2400 682 2456 aquae,
736 2400 861 2454 quae
901 2399 1083 2450 corpus
1106 2380 1264 2434 ambit
1295 2383 1497 2437 calidior
1537 2387 1788 2453 reperitur.
1866 2386 2110 2454 Cyprinus
2151 2385 2304 2435 etiam*

358 2461 588 2513 misturae
620 2456 870 2509 eiusmodi
897 2455 1108 2518 inditus,
1145 2474 1270 2527 quae
1300 2456 1557 2511 celerrime
1584 2476 1770 2529 aquam
1801 2462 1850 2511 in
1879 2458 2297 2527 glaciem'cogere

361 2533 511 2595 solet,
566 2536 615 2584 in
646 2529 833 2583 ambitu
867 2534 1088 2600 corporis
1120 2549 1300 2602 aquam
1331 2533 1535 2585 fluidam
1563 2533 1780 2586 servavit.
1858 2536 2038 2587 Omnis
2073 2546 2297 2584 'ceterum

363 2607 536 2663 caloris
573 2604 727 2659 vitalis
771 2609 1024 2673 generatio
1067 2609 1218 2658 etiam
1253 2610 1303 2659 in
1327 2606 1431 2661 hoc
1468 2606 1688 2661 fluviatili
1717 2625 1899 2676 genere
1931 2626 1956 2660 a
1986 2608 2306 2677 respiratione

360 2683 576 2756 pendet,
608 2693 664 2733 ut
685 2684 734 2731 in
756 2680 953 2752 reliquis
983 2679 1300 2743 animalibus,
1334 2696 1482 2735 notae
1501 2695 1665 2734 tamen
1691 2687 1793 2734 eius
1812 2682 1971 2739 multo
1990 2681 2304 2736 obscuriores⁴

360 2760 486 2813 sunt.
564 2760 617 2807 In
644 2768 844 2808 cetaceo
876 2773 1084 2823 gener-e,
1139 2756 1275 2826 quod
1308 2756 1421 2810 licet
1455 2756 1654 2818 easdem
1684 2775 1832 2829 aquas
1868 2756 2076 2817 habitet,
2129 2771 2295 2807 aerem

385 2850 531 2887 amen
556 2828 877 2900 pulmonibus
910 2830 1068 2882 haurit
1093 2848 1302 2899 purum,
1356 2829 1490 2884 calor
1523 2831 1746 2897 humano
1775 2849 1858 2900 par
1889 2834 2140 2901 reperitur.
2244 2832 2299 2880 In

363 2909 617 2980 phocaena
649 2906 745 2969 jam
781 2919 974 2957 mortua
1007 2903 1122 2957 colli
1155 2903 1340 2958 vulneri
1369 2906 1600 2958 insertum
1624 2905 2036 2958 thermometrum
2074 2903 2136 2956 ad
2160 2915 2224 2959 28
2250 2914 2301 2953 et

364 2982 630 3035 dimidium
661 2978 866 3046 gradum
893 2979 1187 3032 adscendere
1216 2980 1334 3031 vidit
1356 2984 1421 3038 B3
1459 2977 1746 3047 genitalibus
1769 2998 1889 3033 vero
1913 2977 2128 3050 partibus
2149 2977 2301 3029 inser-

365 3072 474 3110 tum
505 3053 682 3107 deinde
711 3057 761 3105 in
793 3055 942 3122 gradu
977 3067 1040 3111 28
1079 3056 1304 3107 constitit.
1380 3056 1526 3107 Aeris
1562 3068 2011 3123 temperamentum
2037 3069 2155 3106 tunc
2191 3069 2301 3119 gra-

367 3132 490 3183 dum
525 3147 603 3193 14,
636 3146 788 3199 aquae
808 3148 929 3185 vero
949 3132 1165 3183 marinae
1189 3133 1316 3185 circa
1343 3127 1453 3183 litus
1482 3127 1691 3198 gradiun
1723 3148 1781 3197 13
1808 3129 2141 3185 et-dimidium
2163 3143 2302 3178 men-

368 3206 504 3260 surae
527 3200 805 3270 attingebat.

2139 3269 2305 3328 Multo
