2571 3775
2000 325 2107 385 159

201 451 371 510 ‘Gaza
398 447 675 505 musculum
701 435 905 516 piscem?
988 441 1145 511 Quod
1174 441 1481 510 postremum
1509 456 1697 493 nomen
1725 459 1881 513 prope
1912 444 2104 498 accedit

209 531 269 581 ad
307 522 633 601 lecvs‘dmyroc,
691 518 828 590 quod
870 521 921 569 in
954 515 1236 587 philolophi
1277 513 1394 567 loco
1427 519 1600 583 reponi
1640 515 1838 568 volebat
1867 514 2008 571 Pam
2039 518 2101 573 ad

204 601 391 657 Plulen
420 619 464 672 p.
486 604 603 652 250.
639 594 818 647 Codex
841 592 1117 655 Mediceus‚
1141 604 1190 642 et
1210 592 1346 642 Beati
1365 587 1587 641 Rhenani
1609 588 1909 658 praeclaruS,
1949 610 2102 662 quem

210 679 310 746 ipse
335 671 638 741 comparavi,
665 666 897 737 scriptum
927 664 1164 719 exhibent
1181 664 1207 721 ὁ
1226 658 1534 737 ῥιιυςᾶκητος,
1573 681 1699 735 quae
1723 661 1870 718 lectio
1889 663 1923 718 fi
1947 664 2105 720 divisis

203 750 351 802 literis
379 743 608 798 scribatur
637 743 664 801 ὁ
695 746 798 815 μῦς
826 737 888 800 τὸ
917 744 1104 816 κῆτος,
1145 739 1320 792 exfistit
1350 739 1534 792 sensus:
1576 757 1689 791 mus
1720 739 1803 790 seu
1834 737 2111 802 musculus,

204 827 289 894 qui
312 821 372 874 ad
392 833 498 872 cete
525 821 763 889 pertinet,
800 815 1047 868 musculus
1077 828 1321 868 cetorum.
1397 814 1566 884 Atque
1588 816 1654 865 ita
1681 811 1841 866 subito
1869 811 2102 885 clucescit

200 900 345 963 origo
362 892 554 947 fabulae
584 891 714 962 apud
736 887 966 945 Plinium
989 895 1069 942 XI.
1105 887 1228 941 sedi.
1248 892 1316 941 62
1351 886 1599 940 musculus
1622 891 1869 949 marinus,
1901 891 1986 959 qui
2015 887 2102 941 ba-

201 969 391 1027 laenam
417 967 686 1028 antecedit,
722 964 887 1018 nullos
910 963 1057 1018 habet
1077 964 1274 1025 denteS,
1312 961 1394 1014 sed
1417 980 1509 1031 pro
1533 960 1609 1015 his
1631 963 1739 1014 setis
1768 966 1897 1016 intus
1921 981 1979 1016 os
1999 962 2101 1015 hir-

199 1058 335 1106 tum,
375 1057 423 1097 et
443 1041 662 1110 linguam
691 1043 838 1103 etiarn
865 1058 922 1101 ac
945 1036 1175 1109 palatumss
1229 1041 1308 1090 De
1329 1036 1511 1089 eodem
1526 1040 1605 1087 IX.
1638 1042 1823 1105 cap.62
1857 1040 2100 1090 amicitiae

198 1117 424 1188 exempla
450 1114 556 1175 sunt
582 1114 781 1185 balaena
814 1126 862 1166 et
883 1111 1157 1184 musculus:
1201 1111 1402 1184 quando
1432 1107 2096 1181 praegravisuperciliorum

196 1193 420 1264 pondere
451 1190 643 1243 obrutis
673 1191 776 1255 ejus
807 1186 992 1249 oculis,
1031 1185 1298 1240 infestantia
1326 1185 1719 1257 magnitudinem
1742 1184 1862 1258 vada
1892 1203 2097 1254 praena-

198 1282 303 1321 tans
333 1266 661 1325 demonstrat,
701 1261 1067 1333 oculorumque
1098 1265 1207 1314 vice
1238 1257 1472 1328 fungitur,
1569 1264 1635 1311 Ita
1667 1263 1716 1311 in
1756 1278 1914 1312 unum
1945 1259 2097 1314 veluti

198 1361 380 1411 corpus
417 1342 673 1408 compegit
700 1352 901 1398 naturae
937 1354 1103 1389 rerum
1131 1334 1273 1406 plane
1313 1338 1511 1402 ignarus
1539 1330 1750 1389 Plinius
1776 1347 1883 1396 aut,
1941 1352 2096 1405 quem

198 1416 383 1488 ubique
407 1408 646 1486 sequitur,
683 1411 939 1480 Nigidius,
975 1406 1259 1479 Aristotelis
1282 1412 1547 1478 interpres,
1586 1408 1862 1461 musculum
1884 1408 1966 1460 seu
1988 1400 2095 1476 my-

197 1493 422 1544 sticetum
456 1508 481 1541 a
510 1487 615 1541 solo
645 1482 907 1556 Aristotele
937 1483 1153 1551 dictunu
1194 1497 1244 1537 et
1273 1482 1553 1545 balaenam,
1596 1491 1747 1554 quam
1776 1502 1803 1536 a
1835 1484 2094 1548 mysticeto

194 1565 299 1617 satis
321 1562 597 1616 distindiam
624 1561 783 1631 posuit
805 1558 1141 1630 philosophus.
1200 1561 1442 1612 Cetorum
1465 1558 1646 1610 ducem
1674 1556 1959 1627 pisciculum
1982 1560 2093 1629 post

192 1635 425 1693 Plinium
452 1649 701 1690 memorat
738 1640 884 1687 etiam
915 1628 1234 1687 Plutarchus
1263 1632 1325 1686 de
1359 1632 1562 1686 Solertia
1590 1631 1785 1684 animal.
1821 1650 1868 1701 p.
1894 1642 2002 1696 980
2041 1645 2090 1686 et:

186 1714 347 1782 *figura
369 1710 549 1780 gobio,
579 1710 788 1781 squamis
809 1727 930 1761 vero
962 1710 1135 1778 asperis
1165 1705 1370 1760 fimifem
1401 1711 1476 1760 avi
1508 1705 1860 1760 inhorrescenti
1890 1703 1985 1761 ess‘e
2009 1711 2089 1760 ait.

191 1785 471 1861 Oppianus
493 1791 549 1838 V.
575 1791 660 1842 63.
691 1781 981 1854 pisciculum
1009 1784 1169 1852 specie
1189 1777 1406 1844 fuscum,
1439 1799 1649 1851 corpore
1680 1779 1914 1849 longum,
1951 1782 2088 1836 tenui

192 1863 375 1923 cauda,
416 1864 653 1918 comitare
676 1871 783 1910 cete
811 1859 876 1909 ait
907 1854 1094 1927 ubique
1116 1870 1164 1909 et
1192 1869 1304 1909 ante
1331 1874 1508 1909 eorum
1538 1869 1684 1925 caput
1714 1853 2086 1926 praenatantem

186 1940 325 1994 :viam
347 1950 394 1988 et
416 1932 627 2005 pericula
656 1934 941 1985 monstrare.
1016 1935 1090 1983 Ex
1111 1927 1356 2001 Oppiam
1381 1932 1458 1983 sua
1482 1930 1669 1983 duxiffe
1685 1927 1924 1984 Aelianus
1948 1932 2086 1985 vide-

193 2024 297 2072 tur,
335 2012 422 2081 qui
447 2023 612 2061 tamen
629 2004 686 2058 II.
720 2024 775 2071 ¹3
814 2003 1103 2076 pisciculum
1123 2002 1317 2066 album,
1356 2003 1592 2075 longum,
1633 2005 1786 2057 cauda
1810 2008 2007 2074 angusta
2036 2019 2087 2059 et

194 2088 353 2156 capite
377 2082 617 2151 oblongo.
695 2084 838 2152 Qae
864 2077 1109 2132 diversitas
1130 2097 1191 2130 ex
1214 2097 1276 2132 eo
1298 2093 1404 2132 orta
1435 2081 1528 2141 est,
1569 2078 1705 2149 quod
1729 2073 1965 2134 Aelianus
1992 2099 2085 2134 vo-

191 2178 306 2211 cem
336 2175 562 2225 graecam
587 2150 748 2231 φοιιός
778 2152 945 2206 album
979 2167 1027 2205 et
1055 2153 1223 2226 δέμας
1251 2168 1396 2224 caput
1417 2158 1754 2225 interpretatus
1775 2156 1856 2210 est.
1932 2158 2087 2210 Deni'-

192 2252 290 2306 que
320 2228 635 2287 Claudianus
664 2233 717 2281 in
737 2231 1032 2297 Eutropium
1058 2232 1111 2279 II.
1142 2234 1277 2292 425.'

1017 355 1105 364 ...-

524 2358 592 2413 Sic
622 2370 708 2412 ruit
736 2370 779 2411 in
810 2381 934 2424 rupes
973 2365 1115 2409 amisso
1147 2367 1256 2421 pisce
1287 2366 1415 2408 sodali

525 2446 685 2496 bellua,
730 2429 940 2486 sulcandas
970 2446 1040 2499 qui
1072 2445 1262 2498 praevius
1293 2446 1446 2486 edocet
1472 2446 1618 2495 undas,

522 2523 849 2584 immensumque
880 2535 1008 2577 pecus
1037 2516 1188 2576 parvae
1219 2522 1501 2561 moderamine
1532 2525 1690 2565 caudae

521 2608 728 2656 temperat
758 2607 802 2641 et
831 2607 948 2653 tanto
979 2599 1200 2654 conjungit
1236 2598 1406 2651 foedera
1433 2599 1632 2641 monstro-

189 2756 365 2811 Fabula
391 2770 557 2809 tamen
584 2773 687 2808 non
712 2754 779 2807 est
802 2752 864 2806 de
885 2751 1054 2807 nihilo.
1129 2751 1456 2806 Observatum
1480 2757 1614 2806 enim
1638 2756 1705 2809 est
1728 2757 2075 2823 gasterosteum

189 2831 449 2886 dustorem
477 2827 697 2884 Liemaei
714 2827 906 2900 squalos
923 2828 1269 2897 praegrandes,
1304 2825 1517 2897 reliquiis
1544 2826 1671 2882 forte
1699 2829 1925 2884 ciborum
1948 2835 2074 2884 invi-

185 2904 372 2968 tatuni,
417 2904 600 2976 ubique
622 2907 875 2964 comitari,
920 2901 1034 2954 hinc
1067 2920 1092 2954 a
1117 2901 1271 2956 Gallis
1291 2897 1463 2954 Pilote
1497 2900 1687 2966 dictum
1716 2904 1948 2976 aliisque,
1987 2908 2075 2976 qui

185 2980 328 3051 piscis
357 2993 578 3033 naturam
611 2977 742 3032 redte
770 2977 1153 3030 animadversam
1182 2975 1318 3029 fimili
1343 2973 1529 3037 fabula,
1566 2993 1622 3028 ut
1657 2994 1844 3031 veteres
1869 2980 2073 3050 scripto-

183 3074 288 3117 reS,
328 3054 713 3108 obscuraverant.
788 3056 982 3105 Primus
1010 3051 1072 3103 de
1098 3051 1196 3105 hoc
1215 3052 1346 3119 pisce
1368 3052 1568 3121 ejusque
1591 3054 1796 3119 ingenio
1823 3053 1953 3107 recle
1978 3068 2072 3107 tra-

181 3128 301 3184 didit
321 3124 510 3185 Osbeck
530 3133 582 3184 in
600 3131 855 3182 Itinerario
883 3146 930 3199 p.
943 3147 1005 3196 95
1042 3140 1091 3180 et
1110 3130 1162 3183 in
1183 3124 1322 3181 Actis
1337 3128 1519 3180 Societ.
1543 3123 1774 3182 Suecicae
1798 3127 1904 3183 Vol.
1921 3134 2067 3183 XVII.

1926 3222 1972 3275 p.
1994 3221 2062 3268 72

881 3333 917 3369 ι
