2571 3775
999 322 1295 343 ·“““““““““““
1997 319 2096 367 161

202 457 301 505 iam
329 449 412 504 hic
444 444 676 516 agnoscet
712 436 852 495 facile
883 432 1040 490 ledior
1065 437 1278 506 peritu5‚
1327 452 1452 509 quae
1485 439 1641 506 magis
1671 437 1777 494 fimt
1809 443 2023 514 expressa
2054 449 2105 501 in

202 526 321 582 loco
347 521 470 580 Silii
499 519 673 575 Italici:

981 629 1115 683 rapidi
1143 627 1233 669 fera
1263 627 1399 669 bellua
1430 629 1553 682 pdnti

515 719 517 722 ’
542 720 616 762 per
647 705 823 757 longum
854 700 981 742 sterili
1012 704 1061 742 ad
1095 708 1238 756 partus
1263 698 1417 754 jaetata
1447 701 1657 755 profundo

538 779 717 826 aestuat,
760 783 803 817 et
834 773 1006 816 lustrans
1038 780 1176 815 natam
1207 773 1275 814 sub
1303 775 1474 826 gurgite
1505 776 1700 828 praedam

529 851 725 892 absorbet
753 850 838 890 late
870 848 1123 903 permixtum
1158 847 1368 888 vermibus
1394 859 1567 901 aequor.

200 954 381 1011 Seculo
415 953 724 1007 duodecimo
747 965 976 1003 extremo
1003 947 1317 1001 balaenarum
1349 945 1494 1001 nobis
1524 946 1766 1004 didicitum
1786 965 2009 1007 naturam
2032 956 2100 1009 ia-

199 1037 259 1085 tis
289 1030 417 1084 bene
449 1031 703 1097 cognitam
729 1023 867 1078 fuisse
897 1043 923 1076 a
947 1020 1290 1093 piscatoi·ibUS‚
1325 1025 1407 1094 qui
1429 1035 1678 1092 capturam
1707 1044 1877 1078 earum
1899 1047 2100 1082 exerce-

198 1106 343 1167 bant,
384 1105 570 1157 constat
598 1121 662 1155 ex
694 1101 811 1157 loco
842 1094 1083 1153 Guilelmi
1102 1099 1313 1150 Britonis
1346 1113 1411 1149 ex
1438 1095 1621 1160 Gallia,
1658 1114 1835 1171 poetae
1866 1104 1997 1157 istius
2030 1104 2100 1158 se·-

194 1178 320 1243 culi,
359 1183 411 1234 in
430 1177 734 1249 Philippidos
755 1180 835 1228 XI.
863 1190 925 1236 32
940 1190 981 1224 1.

750 1292 918 1346 gemina
947 1304 972 1331 e
1001 1287 1164 1330 sublimi
1199 1287 1357 1329 vertice
1387 1285 1557 1339 fulgens

527 1366 694 1409 Cornua
726 1376 860 1406 conus
890 1363 977 1416 agit
1006 1362 1256 1416 superasque
1287 1361 1426 1401 educit
1455 1361 1499 1401 in
1530 1373 1649 1403 auras

532 1452 556 1481 e
585 1439 709 1480 costis
738 1436 912 1479 assumta
940 1436 1095 1489 nigris»,
1131 1447 1232 1488 quas
1262 1432 1393 1473 faucis
1422 1432 1465 1473 in
1493 1436 1615 1475 antrd

526 1511 718 1554 branchia
744 1510 940 1552 balaenae
969 1507 1113 1549 Britici
1143 1506 1249 1548 colit
1278 1504 1419 1546 incola
1450 1507 1583 1559 ponti.
1622 1535 1623 1538 η

191 1633 546 1691 Branchiarum
576 1633 695 1689 loco
716 1634 850 1687 datas
872 1632 966 1686 effe
988 1629 1247 1693 balaenae,
1285 1647 1406 1703 quas
1429 1629 1586 1684 costas
1611 1629 1794 1698 <Gallis
1817 1633 2091 1689 etiamnum

103 1697 105 1699 ’
189 1708 296 1767 εὸῑε
324 1708 384 1768 de
408 1704 622 1777 borleine)
655 1707 984 1780 appellabant,
1023 1706 1252 1759 videntur
1269 1705 1581 1767 existimaffe3
1619 1707 1842 1779 setasque
1869 1707 1985 1761 inde
2005 1709 2092 1763 de·-

188 1785 464 1856 pendentes
488 1783 638 1854 galeis
660 1785 911 1842 cristarum
941 1782 1084 1834 instar
1113 1799 1206 1851 pro
1223 1779 1422 1851 plumis
1448 1780 1780 1851 apponebant.
1855 1786 1922 1835 Ita
1953 1788 2089 1839 enim

183 1860 327 1918 ¹idem
354 1856 634 1914 Guilelmus
651 1864 732 1912 IX.
764 1877 865 1922 520
897 1855 1189 1927 galeamque
1217 1859 1458 1908 nitentem
1481 1854 1812 1929 balaenaeque
1840 1856 1979 1924 jubas
2006 1859 2088 1913 seu

114 1946 121 1948 *
189 1952 378 1999 cornua
399 1933 511 1987 bina
534 1947 817 2002 gerentem3
855 1946 904 1985 et
938 1929 1072 1984 alibi:
1112 1928 1346 1984 cornibus
1374 1934 1551 1983 amotis
1572 1929 1800 1986 balaenae
1830 1947 1880 1985 et
1909 1934 2088 1987 caffide

191 2022 312 2064 tota.
424 2007 604 2062 Seculo
639 2008 856 2062 insecuto
886 2006 1086 2059 decimo
1117 2018 1167 2057 et
1194 2008 1339 2058 tertio
1370 2003 1590 2059 Gallicus
1628 2006 1690 2059 de
1720 2021 1887 2060 natura
1920 2026 2088 2061 rerum

192 2081 396 2153 scriptbr
428 2083 556 2154 apud
586 2079 648 2137 V
644 2080 912 2141 immitium
931 2084 1080 2134 XVII.
1109 2097 1212 2149 cap.
1232 2097 1300 2142 42
1332 2092 1462 2143 et43
1502 2083 1665 2133 minus
1694 2079 1961 2151 probabilia
1994 2097 2087 2136 tra-

191 2158 314 2212 didit
337 2158 400 2210 de
422 2172 550 2210 ceto.
628 2159 733 2219 Est,
758 2160 942 2228 inquit,
980 2155 1184 2225 piscium
1205 2157 1480 2216 maximuS‚
1517 2153 1700 2208 habens
1723 2174 1780 2209 os
1812 2160 1866 2224 (i.
1888 2175 1929 2210 e.
1955 2158 2086 2211 fistu-

193 2232 319 2298 lam)
349 2236 400 2284 in
421 2230 582 2286 fronte
607 2249 846 2300 magnum
871 2244 919 2282 et
941 2228 1190 2297 patulum,
1235 2242 1284 2280 et
1307 2232 1407 2281 oris
1435 2243 1625 2282 meatus
1648 2229 1848 2284 stridtos.
1925 2236 1978 2284 In
2010 2236 2084 2299 ju..

194 2321 394 2361 ventute
414 2306 585 2360 dentes
620 2305 765 2359 habet
784 2308 979 2372 nigros,
1013 2307 1064 2354 in
1085 2300 1333 2354 senec‘lute
1355 2301 1494 2356 albos
1526 2331 1593 2344 —-
1648 2306 1801 2359 Cetus
1824 2308 2084 2379 postquam

191 2395 400 2436 aetatem
431 2400 676 2434 annorum
708 2384 858 2433 trium
892 2378 1116 2439 excessit,
1158 2395 1275 2429 cum
1308 2375 1505 2429 balaena
1537 2381 1638 2431 coit
1668 2393 1716 2432 et
1748 2383 1796 2432 in
1825 2382 1929 2450 ipso
1959 2401 2080 2437 mox

189 2460 331 2510 coitu
359 2460 533 2508 virtute
564 2459 726 2524 virgae
750 2453 969 2523 genitalis
1002 2450 1281 2506 emutilatur
1309 2455 1372 2504 ita
1408 2452 1544 2524 quod
1574 2452 1696 2506 ultra
1727 2459 1861 2509 coire
1896 2461 2080 2529 nequit.

190 2530 288 2585 Sed
308 2534 488 2584 intrans
513 2528 592 2582 alti
614 2533 760 2582 maris
781 2528 982 2600 pelagus
1003 2530 1051 2580 in
1067 2539 1258 2579 tantum
1287 2527 1545 2590 excrescit,
1586 2542 1639 2581 ut
1661 2528 1789 2583 nulla
1814 2529 2079 2586 hominum

190 2620 291 2658 arte
314 2608 424 2674 capi
450 2606 615 2675 poffit:
656 2602 894 2658 infra-tres
914 2606 1058 2670 igitur
1078 2619 1233 2654 annos
1254 2604 1419 2653 aetatis
1441 2602 1551 2655 suae
1574 2608 1678 2673 capi
1698 2607 1872 2675 potest.
1907 2610 2078 2676 (Qae

184 2680 394 2752 quidem
417 2683 585 2733 omnia
604 2675 842 2733 Albertus
863 2675 1078 2742 refutat).
1153 2675 1346 2728 Deinde
1377 2680 1692 2731 venationem
1726 2694 1955 2734 cetorum
1984 2697 2079 2735 tra-

188 2755 277 2817 dit,
306 2772 431 2827 quae
455 2753 600 2808 fiebat
620 2752 721 2807 telo
742 2752 804 2806 ad
823 2754 965 2805 instar
986 2753 1115 2805 rastri
1138 2748 1365 2803 dentibus
1385 2748 1551 2804 ferreis
1571 2757 1868 2818 acuminato,
1893 2759 1942 2808 in
1963 2757 2078 2810 dor-

189 2829 295 2882 sum
329 2847 505 2882 eorum
542 2826 786 2895 conjecsto.
852 2828 1018 2880 Postea
1051 2829 1206 2895 capite
1230 2843 1293 2891 43
1319 2824 1451 2878 addit
1483 2841 1649 2881 cetum
1679 2847 1781 2882 non
1811 2831 2076 2884 comedere

189 2902 359 2956 cibum
389 2903 715 2966 masticando,
759 2900 840 2956 sed
861 2914 1050 2955 tantum
1074 2899 1356 2968 glutiend03
1397 2899 1574 2954 habere
1598 2906 1735 2956 enim
1758 2908 1857 2956 oris
1886 2919 2075 2959 meatus

187 2976 403 3039 stric‘iOS,
445 2979 575 3031 unde
596 2998 697 3031 non
720 2976 804 3031 nifi
836 2994 1011 3047 parvos
1032 2973 1291 3045 pisciculos
1315 2973 1544 3042 deglutit,
1572 2994 1700 3046 quos
1720 2975 1971 3032 odorifero
1993 2977 2078 3032 an?-

186 3050 339 3105 helitu
360 3052 445 3105 suo
469 3052 711 3106 attrahens
732 3070 788 3104 ac
811 3052 1052 3105 devorans
1072 3053 1120 3101 in
1142 3063 1363 3102 ventrem
1385 3049 1523 3101 suum
1543 3054 1702 3103 mittit.
1741 3051 1904 3106 Habet
1923 3057 2075 3117 enim,

184 3130 370 3200 inquit,
404 3131 454 3181 in
487 3142 684 3196 gutture
708 3126 956 3200 quandam
985 3122 1167 3197 pellem
1197 3121 1512 3180 membranae
1535 3123 1768 3190 similem,
1801 3145 1926 3202 quae
1947 3128 2078 3184 mul-

1190 3201 1236 3251 Χ
2017 3207 2078 3257 tis
