2571 3775
364 362 469 439 286
1161 396 1457 419 ----

1365 425 1453 434 —-—-

360 529 540 583 corpus
566 509 829 582 dispensat,
869 513 1006 565 cuius
1031 512 1225 568 cursum
1245 529 1468 570 nontam
1492 513 1690 571 crebrae
1714 512 2305 591 vasorum'replicationes

359 587 622 658 angelique
646 590 772 638 circa
795 588 969 640 viscera
991 602 1220 661 artusque
1235 606 1508 654 morantur,
1531 608 1584 645 ut
1605 597 1656 646 in
1672 613 1882 664 corpore
1902 594 2123 649 humano
2137 617 2151 658 3
2188 597 2306 651 hinc

358 675 635 730 tanto-cum
660 665 846 731 impetu
865 665 915 714 in
936 667 1131 716 arterias
1155 683 1256 716 non
1277 664 1684 739 debebatimpelli
1705 669 1891 737 sanguis
1914 671 2132 740 piscium.
2208 674 2304 725 At-

359 754 458 808 que
480 723 540 789 isa
563 733 699 788 facile
721 737 1005 806 perspicitur
1030 739 1185 800 causa,
1224 757 1350 810 quae
1371 759 1607 795 venarum
1627 742 2000 813 pulmonariam}
2028 749 2159 799 viam
2183 747 2305 799 diri-

359 814 447 879 git.
522 813 750 863 Arteriae
782 823 948 863 autem
979 815 1055 864 via
1091 810 1220 865 recia
1252 811 1503 878 feruntur,
1551 818 1936 889 sanguinemque
1964 824 2148 874 minori
2183 840 2301 876 cum

358 885 604 938 celeritate
637 902 788 954 quam
816 888 865 936 in
900 884 1041 938 calidi
1072 887 1318 956 sanguinis
1351 890 1640 945 animalibus
1673 891 1964 962 propellunt.
2039 897 2146 956 Jam
2178 895 2302 950 olim

356 954 730 1014 Leuwenhoeck
761 961 1077 1014 annotaverat
1107 961 1350 1029 anguillae
1389 964 1674 1033 sanguinem
1704 971 1834 1018 vintra
1863 966 2017 1020 horae
2050 973 2302 1023 minutum

356 1032 595 1104 pollicum
626 1031 728 1086 fere
761 1037 980 1106 quinque
1001 1035 1205 1106 spatium
1233 1056 1530 1107 percurrere.
1588 1045 1936 1111 Experimenta
1956 1041 2300 1096 deinde-multa

358 1113 409 1163 in
423 1112 605 1179 cyprini
620 1112 809 1176 generis
826 1109 1035 1179 piscibus
1048 1115 1190 1164 variis
1211 1113 1420 1165 instituta
1437 1113 1718 1168 docuerunt
1729 1113 1795 1169 B.
1806 1133 1895 1185 per
1912 1116 2044 1169 idem
2059 1123 2298 1187 temporis

357 1187 570 1256 spatium
599 1183 763 1236 cordis
795 1183 956 1254 pulsus
989 1184 1285 1259 plerumque
1316 1191 1366 1240 in
1395 1207 1606 1244 numero
1636 1210 1694 1254 35
1716 1189 2004 1254 consistere,
2045 1210 2156 1245 raro
2176 1210 2300 1248 vero

357 1260 420 1314 ad
445 1279 516 1328 40
545 1258 853 1311 adscendere.
1198 1261 1202 1266 ’

504 1332 853 1387 Branchiarum
873 1333 1120 1388 transitum
1139 1336 1425 1406 languinem
1455 1341 1610 1406 igneis
1630 1338 1875 1411 particulis
1897 1338 2165 1393 deliberare
2187 1359 2300 1394 ana-

355 1407 486 1478 logia
518 1410 625 1462 satis
648 1409 909 1469 monstrat-3
949 1414 1192 1464 rationem
1223 1430 1342 1465 vero
1376 1411 1479 1465 aliis
1510 1414 1832 1468 commendat
1862 1414 2203 1484 explicandam
2228 1413 2300 1470 B.

354 1483 448 1556 'qua
473 1483 854 1554 dephlogistatus
878 1488 959 1538 aer
982 1504 1099 1539 cum
1119 1504 1242 1558 aqua
1262 1485 1405 1557 plane
1424 1491 1588 1541 unitus
1611 1491 1776 1556 igneas
1799 1491 1908 1543 istas
1931 1489 2170 1559 languinis
2191 1508 2300 1561 par-

353 1558 521 1612 ticulas
541 1557 810 1611 absorbeat.

507 1635 559 1686 A
578 1634 888 1703 respiratione
906 1633 1114 1703 piscium
1143 1639 1305 1689 minus
1326 1633 1537 1706 perfecia
1569 1640 1785 1707 paucitas
1817 1638 2065 1706 sanguinis
2089 1637 2299 1707 pendet;

354 1707 590 1778 exemplo
612 1709 721 1761 sunt
740 1707 1008 1776 anguillae3
1044 1714 1240 1764 unciam
1265 1716 1403 1764 enim
1417 1730 1569 1764 unam
1589 1713 1832 1779 sanguinis
1853 1731 1915 1764 ex
1941 1725 2142 1764 centum
2158 1713 2298 1782 pisci-

354 1782 448 1837 bus
470 1783 716 1837 eiusmodi
735 1781 995 1836 conedam
1015 1782 1286 1855 loquuntur
1307 1789 1671 1840 Commentarii
1691 1787 2041 1839 Bononienses.
2082 1791 2134 1838 In
2156 1789 2298 1838 carti-

354 1857 557 1927 lagineis
587 1859 912 1927 respirationis
947 1875 1135 1926 organa
1168 1860 1337 1912 adsunt
1362 1859 1630 1930 ampliora3
1707 1863 1849 1929 copia
1876 1863 2024 1927 igitur
2052 1860 2295 1927 sanguin-is

354 1937 515 1986 maior
535 1936 684 1985 etiam
705 1931 850 1985 adest.
925 1934 1070 1985 Ratio
1091 1933 1213 1986 haec
1235 1937 1286 1986 in
1307 1933 1467 1996 esoce,
1497 1937 1706 2003 cyprino
1717 1934 2038 2007 {anguillaque
2057 1933 2296 2005 paulatim

354 2011 593 2061 minuitur
614 2025 729 2058 cum
752 2005 1093 2059 branchiarum
1116 2007 1449 2079 amplitudine.

517 2081 932 2151 (Respirationem
967 2082 1175 2149 piscium
1213 2096 1436 2152 receptae
1470 2099 1557 2135 ore
1591 2099 1746 2153 aquae
1784 2078 2014 2136 contac‘iu
2052 2082 2295 2152 appi-effu—

352 2177 450 2232 que
472 2156 818 2209 branchiarum
850 2154 1034 2209 absolvi
1067 2155 1377 2210 manifestum
1407 2158 1487 2209 est.
1564 2156 1718 2210 Simili
1739 2155 1881 2226 plane
1904 2159 2093 2210 ratione
2116 2157 2298 2211 odora-

350 2249 461 2286 tum
482 2232 690 2302 piscium
724 2234 891 2299 pera-gi
910 2244 1053 2300 puto,
1076 2230 1203 2284 nulla
1226 2246 1390 2285 tamen
1412 2231 1674 2301 respirandi
1691 2232 1923 2284 societate
1950 2234 2073 2282 utin
2093 2230 2296 2302 reliquis
2316 2242 2319 2243 ’

353 2305 642 2361 animalibus
677 2305 1024 2358 intercedente.
1117 2307 1222 2358 Aer
1257 2304 1435 2358 scilicet
1473 2323 1712 2376 aquarum
1753 2303 2012 2358 odoriferis
2041 2305 2294 2375 particulis

352 2380 556 2435 refertus
577 2384 629 2433 in
649 2383 903 2432 cavitatem
935 2382 1129 2431 narium
1155 2394 1415 2448 receptus,
1456 2377 1622 2432 claufis
1648 2397 1825 2432 ,earum
1853 2376 2175 2448 foraminibus
2196 2399 2294 2451 ope

351 2454 753 2510 membranarum
768 2452 989 2524 operculi
1012 2458 1174 2507 vicem
1191 2457 1488 2522 gerentium„
1528 2452 1733 2506 lamellis
1754 2451 2071 2505 membranae
2092 2458 2290 2524 pituita-

353 2535 477 2593 riae‚
525 2533 578 2581 in
604 2546 698 2601 qua
731 2547 908 2581 nervus
939 2528 1256 2598 expanditur,
1305 2527 1553 2590 stellatim‚
1604 2542 1686 2580 aut
1717 2531 1767 2580 in
1801 2527 1920 2580 duas
1951 2526 2119 2590 series,
2158 2542 2212 2581 ut
2241 2533 2293 2583 in

352 2603 673 2673 cartilagineis
694 2601 948 2673 dispofiti8‚
985 2616 1034 2654 et
1060 2601 1405 2655 branchiarum
1434 2601 1636 2655 lamellis
1666 2601 1834 2674 aliquo
1860 2601 2019 2654 modo
2039 2601 2291 2665 similibus,

351 2681 669 2747 admovetur,
704 2695 972 2747 earumque
1004 2675 1234 2748 contaffitu
1267 2691 1313 2729 et
1345 2675 1563 2746 appreffu
1593 2675 1853 2748 particulae
1889 2674 2164 2729 odoriferae
2185 2681 2291 2729 vim

346 2756 487 2808 suam
509 2757 558 2805 in
583 2770 791 2804 nervum
810 2753 1035 2805 exserunt
1055 2752 1342 2821 sensumque
1374 2754 1600 2803 excitant.
1674 2750 1759 2804 Ad
1779 2749 1914 2802 hunc
1931 2750 2072 2801 usum
2092 2754 2293 2816 gemina

353 2831 549 2881 narium
571 2840 793 2896 apertura
819 2845 937 2878 cum
954 2824 1189 2891 adjuncto
1222 2824 1462 2895 operculo
1486 2823 1869 2877 membranaceo
1888 2821 2012 2876 fasta
2033 2823 2127 2875 effe
2149 2825 2290 2876 vide-

349 2919 444 2956 tur.
527 2905 686 2954 Huius
719 2918 858 2953 meae
886 2904 1138 2969 opinionis
1171 2901 1429 2967 vestigium
1466 2903 1676 2969 reperi-re
1708 2895 1831 2949 mihi
1859 2897 2037 2950 videor
2066 2900 2118 2949 in
2149 2896 2290 2954 brevi

351 2978 672 3030 annotatione
714 2970 827 3029 solz.
867 2971 1113 3043 Hmzterij
1139 2971 1574 3028 Observationibus
1617 2974 1829 3040 egregiis
1869 2971 1929 3024 de
1967 2969 2289 3025 Balaenarum
2352 2978 2355 2982 ’

351 3054 651 3104 oeconomia
692 3047 890 3101 animali
926 3052 977 3101 in
1021 3047 1297 3118 philosoph.
1331 3045 1578 3099 Transii&
1608 3045 1718 3099 Vol.
1748 3063 1833 3107 77.
1862 3064 1908 3114 p.
1938 3058 2055 3107 382.
2090 3044 2289 3098 adiedla.

351 3129 510 3177 Etiam
534 3123 609 3177 Cl.
633 3119 849 3195 Camper
873 3141 1012 3176 nares
1044 3123 1249 3193 piscium
1275 3124 1472 3192 proprie
1504 3117 1753 3172 diciorum
1785 3119 2005 3189 duplices
2027 3119 2182 3171 adeffe
2206 3138 2291 3173 an-

350 3202 554 3260 notavit,
585 3215 796 3270 quarum
817 3215 911 3252 una
935 3215 1043 3267 pars
1064 3210 1196 3268 patet
1215 3215 1370 3269 usque
1399 3207 1587 3268 aperta,
1619 3193 1765 3248 altera
1788 3211 1914 3248 mox
1934 3192 2120 3248 valvula
2142 3196 2294 3319 ἱιέὲθῑ-

2209 3286 2295 3321 um
