2571 3775
400 366 504 428 256

395 511 526 548 num
542 485 767 543 translata
796 497 845 539 et
869 481 1062 538 vendita
1082 477 1216 534 fuiffe
1237 480 1382 533 tradit
1402 473 1612 534 Plinius
1635 480 1712 533 VI.
1735 495 1776 531 0.
1802 495 1884 543 29.
1923 476 2096 533 dentes
2119 493 2283 534 tamen

396 568 873 637 hippopotamorum
891 562 1039 611 etiam
1062 558 1373 609 commercio
1399 553 1466 607 illi
1485 552 1620 607 fuiffe
1643 552 1902 607 commiffa·
1919 553 2031 608 lieet
2053 550 2114 608 ex
2135 554 2282 609 allato

391 636 686 701 Pausaniae
707 635 823 690 1000
845 650 1061 701 arguere.
1160 632 1333 700 Atque
1351 629 1474 681 hanc
1493 629 1820 698 suspicionem
1842 630 2103 682 confirmat
2121 621 2281 682 narra--

393 720 466 769 tio
489 702 720 774 Comme,
755 705 1118 776 Indopleustae,
1157 702 1335 755 Seculo
1362 703 1497 756 sexto
1523 703 1691 757 medio
1715 707 1799 774 qui
1818 702 1998 757 librum
2030 705 2171 757 suum
2193 723 2281 775 pu-

393 789 611 849 blicavit,
650 789 731 837 XI.
765 801 869 852 cap.
894 800 942 844 7.
974 778 1061 831 ubi
1082 795 1269 850 equum
1289 776 1576 833 fluviatilem
1596 776 1759 832 vidiffe
1780 778 1982 848 quidem
2002 780 2098 849 ipse
2119 794 2281 848 negat,

389 863 472 917 sed
492 858 703 929 habuisse
736 858 931 909 testatur
953 853 1125 906 dentes
1154 854 1284 918 ejuS‚
1320 851 1542 920 pondere
1570 851 1811 904 tredecim
1833 850 1978 906 libras
2000 868 2281 927 aequante8‚

391 933 518 1009 quos
537 939 587 988 in
609 935 760 1004 patria
782 929 938 982 redux
961 926 1250 980 vendiderit.
1325 924 1513 979 Multos
1534 925 1780 992 ejusmodi
1802 925 1973 980 dentes
1995 931 2045 979 in
2067 929 2283 983 Aethio-

391 1016 467 1082 Ρὶῐί
494 1024 541 1063 et
558 1010 798 1076 (Aegypto
817 1001 983 1056 Vidiffss
1005 1002 1052 1055 se
1084 1001 1244 1062 addit3
1305 1017 1368 1052 ex
1387 1018 1489 1073 quo
1509 999 1718 1054 studiose
1748 999 1984 1056 001106103
2013 999 2149 1057 fuiffe
2179 1022 2284 1056 ma-

394 1082 567 1139 nifesto
593 1080 925 1148 intelligimus.

545 1198 748 1247 Nomen
778 1187 1124 1259 hippopotami
1148 1183 1353 1255 paulum
1374 1186 1694 1238 immutatum
1710 1181 1846 1237 fuisse
1868 1183 1960 1239 hac
1989 1184 2092 1240 sere
2126 1201 2283 1242 aetate

395 1271 622 1324 discimus
647 1285 709 1318 ex
730 1258 967 1336 Oppiani
988 1263 1206 1313 carmine
1228 1259 1292 1312 de
1314 1263 1590 1313 Venatione
1607 1264 1680 1310 HI.
1701 1260 1836 1312 versu
1864 1278 1889 1311 2
1903 1280 1924 1322 5
1944 1275 2060 1315 1.²et
2077 1262 2284 1335 sequen-

395 1346 537 1399 tibus.
613 1344 712 1393 Hic
743 1342 878 1391 enim
909 1353 1059 1407 quam
1079 1332 1175 1399 sub}
1197 1337 1402 1388 nomine
1426 1338 1542 1406 equi
1566 1332 1654 1387 feri
1674 1329 1972 1414 (I7t7t02ypg)
1995 1335 2283 1407 Aethiopici

395 1434 621 1488 tempore
648 1411 920 1467 Alexandri
941 1412 1107 1462 Severi
1131 1406 1374 1478 descripfit
1393 1405 1573 1470 feram,
1627 1407 1812 1461 nullam
1842 1409 1936 1463 effe
1963 1409 2106 1464 aliam
2133 1431 2284 1483 quam

395 1492 701 1564 reliquorum
721 1488 1014 1556 scriptorum
1034 1496 1258 1536 veterum
1283 1483 1634 1553 hippopotum,
1662 1482 1745 1535 diu
1767 1483 2024 1553 suspicatus
2044 1504 2179 1538 eram
2200 1505 2284 1538 an-

395 1584 498 1629 tea,
538 1583 689 1636 quam
710 1562 919 1614 candem
944 1557 1171 1628 placuiffe
1195 1561 1488 1628 opinionem
1517 1557 1742 1610 viderem
1767 1560 2019 1627 postremo
2049 1557 2287 1632 Oppicmi

389 1642 573 1695 editori
598 1636 771 1698 Gallo,
810 1633 843 1689 I
847 1650 916 1687 ac.
939 1629 1064 1688 Nic.
1091 1629 1259 1686 Bellin
1280 1629 1338 1685 de
1361 1628 1531 1685 Ballu.
1568 1636 1633 1684 Ita
1657 1635 1790 1684 enim
1811 1637 2007 1697 onmia,
2046 1653 2171 1707 quae
2191 1651 2285 1688 tra-

398 1717 578 1769 duntur
596 1713 658 1764 de
681 1729 813 1782 equo
835 1707 940 1761 fero
964 1706 1089 1768 hoe,
1129 1705 1272 1776 plane
1292 1709 1598 1761 conveniunt
1631 1724 1744 1758 cum
1777 1711 1906 1760 notis
1939 1707 2286 1779 hippopotami

397 1810 423 1844 a
450 1785 792 1842 vetustioribus
814 1779 1099 1836 auctoribus
1121 1780 1289 1841 editis,
1328 1794 1381 1832 ut
1402 1783 1616 1832 nominis
1635 1780 1879 1834 diversitas
1913 1787 2170 1836 neminem
2201 1782 2287 1839 nisi

399 1878 785 1918 naturaererum
805 1856 946 1928 plane
971 1858 1198 1923 ignarum
1216 1857 1399 1907 morari
1422 1854 1580 1923 poffit.
1664 1855 1769 1915 Est,
1810 1858 1994 1927 inquit,
2047 1861 2098 1909 in
2127 1860 2287 1911 confi-

401 1942 491 1993 niis
514 1953 666 1989 terrae
686 1932 1000 2000 Aethiopum
1020 1946 1177 1996 genus
1199 1927 1458 1997 copiosum
1480 1946 1725 1999 equorum
1749 1925 1970 1982 ferorum
1987 1968 2000 1992 ,
2042 1947 2285 1985 armatum

398 2010 628 2065 dentibus
651 2005 846 2062 duobus
868 2004 1062 2057 exsertis
1082 2005 1359 2061 venenatis;
1395 2001 1547 2075 pedes
1568 2022 1671 2056 non
1691 2001 1856 2066 solidi,
1893 2005 1974 2057 sed
2008 2009 2057 2058 in
2081 2006 2286 2074 ungulas

401 2088 492 2140 fiffi
517 2086 653 2146 sunt,
691 2096 746 2135 ut
769 2082 953 2139 cervis;
1011 2074 1124 2143 juba
1151 2093 1180 2128 a
1212 2075 1346 2130 00110
1378 2094 1466 2146 per
1490 2077 1717 2129 medium
1750 2077 1951 2131 dorsum
1987 2083 2038 2132 in
2074 2081 2283 2138 caudam

402 2179 568 2233 usque
591 2159 829 2224 excurrit3
880 2154 1160 2206 servitutem
1202 2150 1465 2204 hominum
1506 2170 1608 2205 non
1646 2156 1847 2222 patitur,
1885 2153 1970 2206 sed
2008 2154 2042 2208 fi
2083 2157 2285 2227 quando

402 2250 601 2306 captum
622 2231 766 2285 fuerit
787 2226 968 2282 animal
988 2225 1170 2297 laqueis
1194 2222 1459 2278 fortiffimis
1484 2225 1543 2277 ab
1566 2227 1698 2279 Indis
1727 2227 1812 2279 seu
1832 2227 2188 2297 Aethiopibus,
2216 2235 2286 2283 ci-

402 2310 523 2363 bum
537 2322 769 2378 etpotum
784 2304 1094 2373 pertinaciter
1113 2298 1358 2352 detred’iat.
1407 2305 1595 2352 Verum
1614 2302 1888 2369 superestin
1908 2308 2094 2369 graecis
2106 2319 2285 2374 poetae

402 2383 563 2438 verbis
587 2378 844 2434 difficultas
858 2415 872 2439 ,
893 2393 1041 2448 quam
1063 2388 1297 2426 annotare
1321 2387 1370 2425 et
1387 2372 1558 2426 tollere
1578 2373 1738 2428 omifit
1759 2375 1957 2438 Gallus,
1979 2379 2059 2433 etsi
2079 2398 2288 2434 onmem

388 2477 457 2512 ,ea
480 2455 813 2522 conjetsturam
834 2451 896 2503 de
919 2450 1284 2518 hippopotamo
1312 2461 1503 2516 poterat
1524 2446 1747 2503 refutare.
1839 2456 1991 2510 Patria
2020 2457 2152 2507 enim
2185 2452 2287 2507 bel-

402 2532 510 2586 luae
538 2531 613 2583 his
648 2528 885 2602 indicatur
920 2522 1104 2576 verbis:
1168 2521 1240 2585 ἔςι
1279 2519 1393 2581 δ’ἐνῖ
1424 2532 1668 2598 κρημνοῖς
1707 2523 1794 2586 ἐπὶ
1823 2529 2077 2604 τέρμασιν
2108 2528 2287 2588 Azao-

402 2602 575 2681 mJWW
625 2621 750 2675 quae
773 2598 909 2653 nullo
933 2597 1028 2651 alio
1048 2600 1346 2668 interpretari
1367 2595 1480 2649 licet
1501 2598 1686 2661 modO,
1721 2599 1805 2653 nifi
1825 2599 1977 2654 feram
2002 2603 2127 2655 hanc
2148 2603 2284 2657 habi-

402 2697 503 2735 tare
525 2680 804 2750 praecipitia
826 2677 1077 2727 montium
1100 2674 1380 2724 vicinorum
1400 2670 1712 2741 Aethiopiae.
1792 2679 1936 2743 Qae
1967 2677 2168 2747 quidem
2201 2676 2285 2729 ha-

401 2755 572 2816 bitatio
599 2752 748 2823 quam
776 2748 828 2801 fit
856 2767 881 2800 a
914 2761 1081 2799 natura
1113 2744 1356 2797 fluviatilis
1387 2748 1507 2816 equi
1539 2744 1710 2809 aliena,
1732 2767 1835 2802 non
1856 2769 1981 2819 opus
2004 2753 2070 2803 est
2086 2752 2282 2820 copiose

401 2826 659 2882 declarare.
736 2822 830 2876 Sed
855 2821 980 2874 bene
1001 2821 1232 2872 succurrit
1250 2822 1453 2872 varietas
1474 2820 1731 2890 scripturae
1756 2841 1783 2874 e
1807 2823 1998 2877 Codice
2018 2830 2211 2879 Veneto
2237 2840 2286 2878 et

402 2906 644 2957 Vaticano
666 2912 887 2958 enotata,
928 2894 1009 2948 ubi
1032 2893 1230 2961 legitur:
1282 2891 1353 2955 ἔςι
1385 2893 1426 2951 δ’
1449 2890 1754 2970 εὔκρήμνοις
1793 2894 1879 2957 ἐπὶ
1912 2900 2164 2975 τέρμασιν
2197 2906 2282 2958 At-

402 2971 665 3049 θωπήωμ,
696 2977 726 3025 1.
747 2991 787 3026 e.
826 2976 875 3024 in
901 2970 1126 3024 confiniis
1157 2971 1406 3020 montium
1425 2968 1722 3038 Aethiopiae
1745 2969 1957 3024 altorum
1981 2988 2028 3026 et
2047 2977 2284 3044 praecipi-

405 3065 526 3103 tum.
603 3051 769 3119 Atque
795 3046 855 3098 ita
883 3045 1264 3115 hippopotamus
1284 3041 1344 3093 ad
1366 3042 1666 3110 superiorem
1705 3057 1751 3097 et
1777 3048 1988 3103 vicinam
2017 3051 2283 3119 praeruptis

409 3123 703 3194 Aethiopiae
727 3119 979 3175 montibus
998 3120 1213 3189 Aegypti
1231 3128 1420 3187 partem
1438 3114 1693 3184 relegatur.

2182 3229 2291 3283 Post
