2571 3775
1010 325 1301 373 --’-
1993 355 2093 411 183

208 479 414 550 piscium
435 475 605 544 generi
629 464 974 540 -delphinis
1007 467 1134 527 offa,
1171 485 1274 520 non
1297 467 1487 536 spinae,
1527 470 1702 521 animal
1725 474 1857 524 enim
1877 477 2094 542 pariunt3

205 550 512 624 serpentibus
545 550 722 616 spinae.
836 547 939 612 Qii
966 541 1106 596 locus
1138 557 1399 611 excerptus
1425 544 1493 594 est
1524 561 1585 594 ex
1620 541 1750 596 libro
1782 545 1843 596 de
1876 549 2092 603 Partibus

206 624 423 680 Animal.
451 628 505 674 ΙΙ.
530 628 578 673 6.
617 618 703 671 ubi
725 616 1008 688 {impliciter
1034 615 1323 688 aquatilibus
1358 635 1450 686 pro
1472 615 1654 670 offibus
1685 618 1874 687 spinam
1907 622 1999 674 effe
2030 627 2094 676 ait

205 693 500 769 Aristoteles
514 713 539 763 ,·
584 693 760 746 deinde
780 696 835 746 iis
855 691 1008 745 solam
1027 689 1260 761 spinalem
1283 689 1552 744 medullam
1580 692 1730 744 ineffe.
1746 697 1927 762 pergit,
1968 713 2093 766 quo,-

204 779 337 828 niam
375 772 542 840 fiiapte
592 782 762 821 natura
806 784 983 836 parum
1032 766 1279 833 sanguinis
1326 780 1374 819 et
1429 764 1582 819 solam
1625 765 1752 820 dorfi
1787 768 1973 837 spinam
2015 789 2094 823 ca-

204 866 318 902 vam
347 843 571 897 habeant.
674 843 824 904 Ideo,
844 899 847 903 Λ
868 844 1059 913 inquit,
1110 843 1163 892 in
1192 840 1283 892 hac
1303 839 1518 893 medulla
1543 841 1776 902 nascitur3
1826 842 1925 896 sola
1958 849 2093 901 enim

201 939 354 991 capax
390 922 493 986 ejus
529 919 624 980 est,
665 932 711 970 et
745 916 843 970 sola
876 929 992 984 eget
1026 913 1349 967 articulorum
1378 914 1581 968 vinculo
1621 914 1805 987 aliquo.
1899 922 2091 985 Qiam-

200 995 378 1049 obrem
395 991 611 1046 medulla
634 991 778 1057 hujus
798 994 946 1061 partis
967 993 1118 1042 etiam
1141 989 1315 1057 differt.
1411 985 1566 1057 Qod
1597 993 1730 1043 enim
1763 994 1871 1044 vice
1911 992 2092 1046 fibulae

199 1063 478 1146 (περόνης)
516 1065 761 1135 fungitur,
824 1065 1010 1117 idcirco
1050 1063 1177 1116 lenta
1216 1077 1267 1114 et
1295 1065 1496 1115 nervosa
1529 1065 1596 1117 est
1633 1077 1688 1116 ut
1712 1065 1899 1117 intendi
1933 1069 2092 1135 poffit.

196 1149 271 1196 Ex
301 1145 552 1213 postremo
584 1141 684 1195 hoc
716 1139 833 1194 loco
879 1139 1064 1192 constat
1102 1141 1252 1191 etiam
1283 1134 1603 1207 Aristotelem
1643 1157 1747 1191 non
1775 1137 1929 1192 solam
1963 1140 2091 1196 dorfi

193 1219 381 1288 spinam
400 1235 491 1287 pro
515 1214 698 1269 offibus
719 1213 877 1267 adeffe
900 1216 950 1264 in
973 1230 1152 1280 genere
1171 1212 1378 1282 piscium
1409 1211 1640 1273 voluiffe3
1688 1213 1769 1265 sed
1788 1212 1916 1266 hanc
1935 1214 2089 1269 solam

194 1294 374 1347 ossium
397 1305 596 1343 naturae
622 1288 915 1359 respondere
936 1287 1075 1350 dixit,
1116 1286 1253 1358 quod
1277 1285 1546 1339 medullam
1557 1286 1653 1341 sola
1675 1291 1725 1339 in
1745 1288 1791 1340 se
1817 1292 2085 1353 contineat,

194 1382 243 1420 et
272 1365 648 1439 quadrupedum
669 1362 843 1418 dorsali
870 1363 1035 1431 spinae
1058 1360 1223 1415 fimilis
1243 1360 1297 1414 fit
1319 1360 1580 1424 vertebriS,
1620 1376 1669 1414 et
1679 1362 1980 1432 proceffibus
2001 1361 2087 1420 etfi

194 1442 356 1495 multo
376 1437 686 1508 longioribus
707 1452 754 1491 et
785 1435 1105 1491 acutioribus.
1181 1440 1324 1504 Qiae
1357 1454 1477 1490 vero
1506 1450 1750 1506 praeterea
1774 1443 2086 1507 reperiuntur

192 1518 242 1567 in
266 1519 470 1585 piscium
500 1532 681 1581 genere
712 1512 809 1566 offa
842 1525 1030 1581 praeter
1060 1514 1227 1580 capitis
1261 1517 1561 1580 compagem
1603 1510 1863 1564 difficulter
1902 1512 2082 1567 admo-

191 1589 311 1641 dum
337 1590 397 1642 ad
419 1590 598 1641 offium
627 1591 678 1639 in
704 1584 1104 1658 quadrupedibus
1137 1583 1349 1658 aliquam
1376 1584 1746 1638 similitudinem
1778 1584 2080 1648 referuntur3

191 1682 285 1715 nec
306 1661 439 1715 enim
471 1661 749 1724 claviculaS‚
788 1663 1032 1722 sternum,
1064 1659 1249 1730 pelvim
1271 1659 1521 1731 etreliqua
1546 1659 1644 1713 offa
1664 1660 1928 1728 agnoscere
1950 1660 2080 1724 licet,

189 1736 273 1791 etfi
303 1737 539 1809 quasdam
573 1735 633 1787 ab
664 1736 750 1788 usu
783 1733 881 1787 fere
909 1733 1051 1785 fimili
1079 1748 1238 1802 partes
1272 1734 1455 1787 eodem
1479 1738 1684 1788 nomine
1714 1733 1971 1805 appellavit
2003 1735 2078 1789 Cl.

191 1809 377 1865 Gomm
406 1810 663 1864 obnitente
687 1823 852 1862 tamen
880 1807 954 1862 Cl.
994 1804 1051 1861 V
1052 1804 1336 1879 icqel’azyr.
1432 1812 1487 1860 In
1519 1807 1839 1877 cartilagineis
1860 1808 2078 1879 piscibus

187 1887 371 1955 spinam
393 1904 494 1940 non
516 1883 773 1955 appellavit
794 1878 1092 1952 Aristoteles
1121 1881 1468 1949 cartilaginem,
1512 1901 1636 1955 quae
1657 1887 1704 1935 in
1729 1884 1876 1937 dorso
1899 1903 2076 1939 eorum

187 1961 386 2013 offium‘
414 1959 584 2013 officio
616 1956 860 2025 fungitur,
913 1959 1154 2027 quoniam
1199 1974 1255 2007 ea
1297 1957 1601 2025 processibus
1632 1957 1792 2026 longis
1842 1972 1889 2010 et
1920 1963 2076 2012 acutis

188 2048 330 2087 caret.
407 2037 637 2104 Denique
658 2051 784 2104 quos
806 2026 1107 2100 Aristoteles
1126 2029 1275 2100 pisces
1297 2031 1514 2100 spinosos
1534 2031 1763 2101 appellat,
1803 2031 1944 2101 plane
1965 2034 2075 2086 sunt

187 2108 254 2161 illi
289 2107 460 2161 diverfi
484 2106 544 2159 ab
567 2111 620 2160 iis
636 2144 651 2168 ,
689 2124 816 2177 quos
839 2107 1136 2157 recentiores
1157 2105 1414 2174 scriptores
1442 2105 1510 2159 ob
1538 2106 1773 2172 duritiem
1794 2120 1841 2158 et
1860 2125 2073 2161 acumen

185 2183 437 2236 radiorum
468 2186 640 2251 pinnas
673 2180 1076 2247 distinguentium
1116 2179 1330 2247 spinosos
1369 2197 1655 2250 nuncupare
1691 2179 1859 2233 solent.
1957 2181 2072 2235 offa

184 2276 305 2311 vcro
326 2257 406 2308 seu
428 2254 634 2326 spinulas
669 2269 868 2314 tenues,
922 2271 1040 2325 quas
1067 2251 1394 2322 philosophus
1428 2253 1656 2308 carnibus
1687 2255 1895 2324 piscium
1926 2259 2074 2309 inter-

181 2333 354 2401 sparsas
376 2335 444 2384 ait
462 2329 583 2392 effe,
617 2328 715 2382 offa
748 2346 867 2396 vaga
891 2325 1094 2397 appellat
1117 2325 1191 2380 Cl.
1223 2325 1422 2380 Goucm.
1497 2334 1636 2381 Haec
1655 2326 1755 2381 fere
1780 2331 1970 2399 semper
1992 2331 2072 2384 fita

183 2407 363 2458 suntin
388 2406 532 2459 dorso
554 2404 772 2474 piscium.
848 2400 1120 2453 Medullam
1139 2401 1300 2470 spinae
1320 2400 1501 2454 lentam
1528 2417 1575 2456 et
1604 2404 1858 2457 nervosam
1887 2423 1980 2473 pro
2017 2407 2074 2459 fi-

184 2479 296 2532 bula
336 2475 582 2555 (περόνη)
613 2478 774 2529 datam
796 2474 1004 2545 piscibus
1025 2474 1118 2527 effe
1140 2479 1202 2527 ait
1224 2473 1555 2546 Aristotele&
1593 2476 1676 2530 ubi
1703 2497 1848 2550 quam
1866 2478 2069 2533 fibulam

186 2555 340 2615 dicat,
380 2552 685 2605 mirabuntur
707 2568 937 2610 mecum,
975 2552 1059 2620 qui
1078 2549 1129 2600 id
1152 2548 1454 2602 vocabulum
1477 2555 1526 2603 in
1540 2551 1685 2605 tibiae
1698 2552 1797 2606 offe
1822 2559 2069 2608 exteriore

181 2629 349 2681 sedem
376 2632 626 2698 propriam
651 2624 830 2678 habere
851 2627 1091 2677 noverint.
1178 2625 1271 2677 Sed
1291 2624 1425 2676 idem
1444 2630 1663 2678 occurrit
1686 2631 1736 2679 in
1756 2629 1874 2679 Hist.
1895 2629 2067 2681 Anim.

181 2707 254 2755 ΙΙΙ.
279 2723 325 2763 7.
365 2702 452 2755 ubi
473 2704 733 2773 postquam
753 2699 937 2769 spinam
961 2696 1087 2752 dorfi
1106 2697 1308 2770 reliquis
1329 2698 1511 2753 offibus
1544 2699 1693 2753 veluti
1724 2700 1853 2755 bafin
1885 2701 2068 2757 subeffe

182 2778 394 2840 dixerat,
434 2781 656 2830 cranium
681 2775 884 2843 superne
917 2776 1153 2825 extremis
1172 2773 1411 2826 vertebris
1437 2779 1778 2828 continuatum
1799 2776 2064 2830 adhaerere

182 2851 398 2917 subjicit3
455 2866 599 2923 atque
628 2847 844 2902 absoluta
875 2851 1024 2900 cranii
1058 2847 1409 2918 descriptione,
1465 2867 1490 2901 a
1523 2850 1652 2918 spina
1692 2850 1845 2912 dorsi,
1884 2855 2064 2921 inquit,

181 2941 291 2995 apta
314 2926 540 2984 haerent,
577 2924 751 2984 fibula,
789 2920 1296 2976 claviculaeetcostaez
1372 2922 1588 2975 Difficile
1615 2923 1728 2976 effer
1748 2925 1910 2976 dicere
1934 2944 2084 2995 quaev

176 3000 249 3052 ibi
279 2995 473 3075 περόνη
506 2998 772 3069 appelletur
795 3016 902 3068 pars
924 2998 1110 3049 offium-
1135 3014 1161 3048 a
1193 2998 1323 3066 spina
1348 3012 1485 3067 apta,
1522 2996 1607 3049 nifi
1627 2997 1744 3050 alter
1764 2995 2060 3059 Aristotelis

171 3074 314 3128 locus
337 3078 660 3134 succurreret,
700 3071 788 3124 ubi
807 3072 1007 3125 nervosa
1045 3085 1095 3124 et
1129 3070 1254 3124 lenta
1285 3073 1445 3141 spinae
1474 3071 1687 3124 medulla
1722 3072 1932 3141 piscibus
1962 3093 2058 3143 pro

175 3149 325 3219 fibula
346 3151 453 3203 data
472 3149 566 3206 effe
587 3149 780 3203 dicitur.
859 3145 1057 3202 Scilicet
1076 3144 1265 3203 collum
1286 3165 1401 3201 cum
1427 3145 1668 3219 pulmone
1698 3163 1746 3202 et
1767 3147 2055 3218 oesophaao

1846 3222 2053 3277 manife—
