2571 3775
337 411 440 464 292
1159 405 1449 425 ·“··“·“““““·

340 528 443 582 dias
472 536 630 595 partes
663 519 897 590 genitales
934 519 1141 584 incedit,
1175 523 1342 592 postea
1373 523 1592 589 jungitur
1628 523 1831 574 arteriae
1855 515 1952 590 ope
1979 520 2103 575 telae
2124 516 2292 585 laxae,

342 616 488 672 atque
512 603 559 651 in
584 602 660 649 via
682 595 818 649 brevi
853 614 1017 649 ramos
1041 596 1278 667 aliquota
1301 600 1562 667 peritoneo
1582 599 1764 666 recipit.
1845 603 1980 649 Vena
2004 597 2291 666 spermatica

347 677 514 728 dextra
535 677 583 725 in
609 673 756 741 hepar
770 684 1016 740 penetrat,
1055 670 1234 725 deinde
1255 674 1307 722 in
1331 670 1489 724 finum
1508 671 1748 723 venosum
1773 670 1818 723 se
1840 685 2091 724 exonerat.
2167 674 2293 724 Sini-

347 753 437 807 fira
465 749 650 800 lienem
674 744 902 797 tranfiens
927 749 978 796 in
1001 744 1218 797 eundem
1235 745 1447 798 *demum
1466 744 1624 798 finum
1647 748 1866 798 recurrit.
2238 742 2243 747 ’

500 828 552 874 In
574 822 817 890 plerisque
846 817 1080 871 omnibus
1109 817 1316 887 piscibus
1345 823 1573 887 geminae
1594 834 1755 890 partes
1784 820 2022 886 genitales
2043 821 2298 892 utriusque

352 899 492 952 sexus
515 899 848 964 reperiuntur,
884 891 1097 944 multum
1123 892 1207 945 fibi
1229 896 1448 946 invicem
1471 893 1677 956 ssmiles,
1714 894 1910 964 filisque
1936 913 2159 967 quaeque
2181 894 2300 949 vasis

353 968 593 1028 instructa.
670 973 721 1019 111
757 985 901 1036 perca
930 981 1097 1019 tamen
1133 971 1361 1020 ovarium
1391 967 1592 1037 firnplex
1623 969 1778 1027 adest3
1818 973 1986 1020 arteria
2017 964 2300 1039 spermatica

354 1051 499 1100 unica
534 1064 597 1096 ex
629 1058 808 1095 trunco
841 1057 1006 1094 aortae
1037 1056 1141 1094 orta
1176 1046 1225 1094 in
1249 1057 1381 1111 parte
1409 1043 1658 1111 superiore
1687 1045 1840 1111 ovarii
1868 1041 2123 1105 dividitur,
2158 1048 2225 1097 ita
2247 1058 2301 1096 ut

356 1139 523 1175 ramus
545 1119 662 1171 alter
679 1115 854 1169 faciem
875 1117 1174 1185 superiorem
1199 1117 1418 1169 mediam
1438 1120 1596 1170 ovarii
1610 1154 1624 1179 ,
1667 1116 1785 1169 alter
1807 1114 2089 1170 inferiorem
2109 1117 2304 1188 portio-

360 1215 477 1250 nem
512 1206 790 1264 peri-eptet,
853 1205 998 1261 atque
1038 1195 1265 1262 utrinque
1300 1190 1576 1261 permultos
1612 1205 1818 1263 uterque
1855 1191 2071 1245 surculos
2107 1194 2307 1262 spargat.

361 1276 414 1323 In
440 1272 595 1340 percis
621 1265 835 1319 maribus
864 1279 1021 1334 partes
1045 1264 1280 1333 genitales
1307 1269 1591 1336 portionem
1614 1267 1914 1336 superiorem
1938 1271 1986 1318 in
2014 1265 2153 1320 lobos
2177 1267 2306 1320 duos

364 1345 563 1398 divisam
594 1341 802 1402 habent,
856 1357 1071 1411 quorum
1102 1358 1514 1411 unumquemque
1547 1345 1750 1393 arteriae
1783 1342 2096 1410 spermaticae
2126 1341 2308 1394 bifidae

363 1434 563 1473 truncus
583 1418 838 1486 percurrit.
915 1421 1052 1466 Vena
1074 1428 1241 1466 autem
1262 1416 1541 1484 spermatica
1561 1414 1764 1485 fimplex
1782 1415 1927 1469 adest.
2263 1412 2268 1419 ἓ

514 1497 742 1557 (Percam
756 1488 906 1542 solam
929 1487 1213 1541 fluviatilem
1229 1493 1400 1541 ovario
1421 1488 1637 1559 fimplice
1659 1504 1706 1543 et
1726 1494 1876 1542 unico
1897 1488 2121 1544 conclusa
2138 1507 2309 1557 gerere

366 1581 415 1621 et
450 1571 673 1620 emittere
709 1583 803 1618 ova
838 1567 980 1624 novi3
1019 1567 1165 1616 maris
1196 1561 1540 1616 tamenvladles
1569 1563 1752 1618 divisos
1782 1579 1831 1617 et
1855 1563 2073 1634 duplices
2104 1569 2168 1617 ait
2191 1565 2309 1616 cum

366 1638 590 1697 Artedio
616 1636 862 1693 Bloclzius
885 1639 1060 1691 noster.
1111 1638 1215 1708 ,Ipse
1238 1640 1335 1702 jam
1356 1636 1477 1691 olim
1499 1635 1795 1707 Aristoteles
1812 1642 1875 1691 H.
1896 1641 1960 1691 A.
1981 1644 2060 1692 VI.
2088 1637 2310 1702 14.'inter

367 1714 626 1771 fluviatiles
656 1729 702 1766 et
732 1712 958 1765 lacustres
986 1713 1139 1781 pisces
1165 1711 1328 1780 glanin
1361 1726 1409 1764 et
1437 1731 1638 1783 peream
1665 1731 1757 1767 ova
1790 1717 2021 1767 continua
2050 1728 2193 1784 atque
2213 1730 2308 1764 una

368 1789 656 1845 membrana
697 1786 873 1839 inclusa
910 1791 1168 1848 emittere,
1230 1805 1458 1839 ranarum
1496 1805 1666 1847 more,
1730 1791 1996 1840 annotavit.
2045 1784 2310 1864 (62111‘89035'

369 1860 573 1937 κύημα)
616 1865 784 1932 Atque
806 1879 867 1913 ex
887 1860 986 1926 hoc
1008 1874 1300 1926 argumento
1321 1859 1426 1913 solo
1446 1861 1710 1928 agnoscere
1731 1860 1892 1913 licebit
1910 1861 2108 1913 tandem
2128 1861 2311 1926 glanin‚

370 1940 628 2009 ipsumque
652 1935 721 1987 illi
742 1933 1042 1987 simillimum
1063 1933 1263 1986 filurum
1284 1948 1533 1996 veterum,
1572 1953 1723 2005 quem
1742 1935 1999 2008 hucusque
2031 1932 2198 1986 frustra
2221 1938 2312 1988 viri

371 2012 503 2066 dotti
525 2009 872 2083 quaesiverunt.
950 2008 1042 2060 Sed
1065 2006 1425 2078 expediandum
1449 2010 1532 2070 est,
1564 2009 1686 2060 dum
1710 2008 2057 2082 plerorumque
2079 2014 2313 2062 omnium

372 2089 577 2158 piscium
601 2088 884 2137 interiorem
907 2081 1192 2135 struc‘iuram
1223 2081 1364 2152 plane
1395 2088 1645 2151 cognitam
1679 2083 2023 2144 habuerimus3
2056 2102 2149 2136 nec
2178 2088 2314 2137 enim

374 2163 708 2230 interpretatio
729 2158 958 2211 historiae
987 2156 1272 2210 animalium
1295 2153 1594 2226 Aristotelis
1609 2156 1709 2210 fere
1732 2157 1824 2210 ulla
1848 2158 1940 2211 effe
1964 2160 2147 2226 potest,
2187 2177 2314 2229 quae

376 2235 435 2289 ab
454 2239 729 2288 anatomica
752 2231 1037 2287 animalium
1071 2235 1356 2299 cognitione
1385 2231 1437 2283 fit
1467 2233 1685 2284 destituta
1708 2247 1855 2303 atque
1877 2236 2123 2302 imparata.
2199 2238 2315 2285 Huc

376 2315 616 2382 pertinere
638 2308 830 2360 videtur
861 2311 1005 2359 etiam
1037 2306 1174 2376 quod
1195 2302 1491 2375 Aristoteles
1509 2311 1587 2359 VI.
1610 2309 1727 2358 Hist.
1749 2309 1917 2358 Anim.
1937 2326 2036 2376 cap.
2072 2325 2147 2370 17.
2173 2306 2316 2374 thyn-

378 2405 499 2438 num
522 2402 614 2438 ova
636 2382 765 2454 quafi
792 2383 934 2434 sacco
964 2379 1141 2431 inclusa
1174 2380 1320 2432 edere
1352 2384 1440 2440 ait,
1482 2380 1616 2451 quod
1647 2381 1708 2432 de
1740 2387 1910 2433 ovario
1929 2380 2144 2451 simplice
2168 2385 2316 2434 inter-

378 2473 558 2530 pretor.
635 2462 833 2526 Proprie
865 2458 999 2508 enim
1025 2453 1057 2505 fi
1079 2452 1216 2524 loqui
1248 2468 1295 2505 et
1325 2468 1547 2506 naturam
1586 2455 1736 2523 ipsa-m
1756 2453 1789 2507 fi
1808 2455 1940 2526 sequi
1961 2455 2124 2518 velis,
2160 2457 2315 2526 pisces

354 2538 551 2586 ovario
585 2531 645 2585 ab
677 2547 817 2583 utero
847 2531 1090 2599 separat0‚
1143 2527 1229 2580 ubi
1259 2546 1353 2581 ova
1386 2531 1606 2597 primum
1632 2528 1919 2591 confistunt‚
1966 2544 2156 2592 carent,
2197 2550 2317 2585 ova-

381 2626 478 2680 que
504 2610 658 2659 statim
689 2609 737 2657 in
767 2620 908 2657 utero
937 2606 1147 2671 gemino
1173 2601 1459 2663 confistunt,
1494 2617 1542 2655 et
1564 2608 1823 2655 communi
1851 2602 2008 2674 aliqua
2029 2604 2317 2658 membrana

380 2682 560 2734 inclusa
595 2681 806 2733 eduntur
840 2682 888 2730 in
920 2692 1059 2747 partu
1090 2695 1326 2729 connexa.
1403 2677 1623 2729 Eandem
1652 2678 1945 2747 serpentium
1979 2693 2199 2731 naturam
2223 2680 2318 2732 effe

380 2751 676 2824 Amstoteles
697 2754 792 2824 ipse
813 2755 1079 2812 annotavit,
1120 2750 1336 2822 ideoque
1358 2750 1606 2804 testiculos
1627 2765 1774 2822 atque
1795 2766 1995 2821 uterum
2014 2754 2313 2822 serpentium

380 2850 496 2884 cum
517 2830 719 2899 piscium
747 2827 924 2880 iisdem
956 2824 1170 2896 partibus
1200 2821 1513 2895 comparavit.
1591 2832 1778 2898 Verum
1812 2831 1861 2878 in
1894 2826 2196 2896 serpentibus
2217 2846 2314 2882 ova

377 2925 465 2975 per
499 2906 671 2956 seriem
701 2907 752 2954 in
783 2916 924 2954 utero
955 2900 1164 2967 digesta,
1217 2913 1266 2951 et
1297 2898 1584 2952 membrana
1616 2904 1874 2952 communi
1905 2902 2109 2955 firmiori
2131 2940 2145 2964 ‚
2206 2904 2315 2973 post

378 2978 618 3047 singulum
639 2996 792 3031 ovum
816 2975 932 3028 nodi
954 2977 1096 3026 instar
1118 2972 1374 3027 constricla
1393 3011 1407 3034 ‚
1445 2975 1553 3026 fiant
1581 2973 1783 3035 inclusa,
1821 2989 1966 3046 atque
1998 2980 2060 3028 ita
2096 2980 2147 3028 in
2171 2993 2314 3046 partu

375 3053 460 3106 sub
489 3052 646 3106 forma
678 3050 875 3104 monilis
907 3048 1154 3101 muliebris
1186 3047 1408 3100 eduntur.
1485 3053 1666 3100 Verum
1698 3062 1853 3101 totam
1876 3049 2002 3101 hanc
2034 3050 2315 3120 disputatio·
2348 3080 2350 3083 ·

375 3146 492 3182 nem
510 3131 557 3178 in
570 3124 867 3179 Praefatione
880 3126 1119 3176 Historiae
1132 3135 1499 3184 venenatorum
1510 3121 1799 3178 animalium
1819 3123 2066 3196 copiofius
2082 3125 2315 3196 explicui,

375 3203 435 3256 ad
465 3219 615 3275 quam
642 3200 879 3256 lediorem
901 3202 1098 3253 interim
1126 3201 1338 3252 remitto.
1538 3196 1541 3199 ’

2147 3277 2315 3328 Liceat
