<?xml version="1.0" encoding="UTF-8"?>
<!DOCTYPE html PUBLIC "-//W3C//DTD XHTML 1.0 Transitional//EN"
    "http://www.w3.org/TR/xhtml1/DTD/xhtml1-transitional.dtd">
<html xmlns="http://www.w3.org/1999/xhtml" xml:lang="en" lang="en">
 <head>
  <title>
</title>
<meta http-equiv="Content-Type" content="text/html;charset=utf-8" />
  <meta name='ocr-system' content='tesseract 3.04.00' />
  <meta name='ocr-capabilities' content='ocr_page ocr_carea ocr_par ocr_line ocrx_word'/>
</head>
<body>
  <div class='ocr_page' id='page_1' title='image "./synonymiapiscium00arte_0286.png"; bbox 0 0 2571 3775; ppageno 0'>
   <div class='ocr_carea' id='block_1_1' title="bbox 400 384 1510 448">
    <p class='ocr_par' dir='ltr' id='par_1_1' title="bbox 400 384 1510 448">
     <span class='ocr_line' id='line_1_1' title="bbox 400 384 1510 448; baseline -0.017 1"><span class='ocrx_word' id='word_1_1' title='bbox 400 400 507 448; x_wconf 81' lang='lat'>274</span> <span class='ocrx_word' id='word_1_2' title='bbox 1200 384 1510 416; x_wconf 87' lang='grc'><em>-·---·</em></span> 
     </span>
    </p>
   </div>
   <div class='ocr_carea' id='block_1_2' title="bbox 1220 418 1510 427">
    <p class='ocr_par' dir='ltr' id='par_1_2' title="bbox 1220 418 1510 427">
     <span class='ocr_line' id='line_1_2' title="bbox 1220 418 1510 427; baseline 0 3348"><span class='ocrx_word' id='word_1_3' title='bbox 1220 418 1510 427; x_wconf 95' lang='lat' dir='ltr'> </span> 
     </span>
    </p>
   </div>
   <div class='ocr_carea' id='block_1_3' title="bbox 384 504 2346 1607">
    <p class='ocr_par' dir='ltr' id='par_1_3' title="bbox 384 504 2346 1607">
     <span class='ocr_line' id='line_1_3' title="bbox 384 504 2342 579; baseline 0.002 -15"><span class='ocrx_word' id='word_1_4' title='bbox 384 515 574 565; x_wconf 84' lang='lat' dir='ltr'>&#39;Pinnas</span> <span class='ocrx_word' id='word_1_5' title='bbox 597 506 869 579; x_wconf 66' lang='lat' dir='ltr'>pec‘iorales</span> <span class='ocrx_word' id='word_1_6' title='bbox 887 504 1193 577; x_wconf 83' lang='lat' dir='ltr'>pediformes</span> <span class='ocrx_word' id='word_1_7' title='bbox 1221 507 1407 577; x_wconf 80' lang='lat' dir='ltr'>digitos</span> <span class='ocrx_word' id='word_1_8' title='bbox 1435 509 1680 578; x_wconf 87' lang='lat' dir='ltr'>separatos</span> <span class='ocrx_word' id='word_1_9' title='bbox 1706 528 1810 562; x_wconf 87' lang='lat' dir='ltr'>non</span> <span class='ocrx_word' id='word_1_10' title='bbox 1833 509 2042 572; x_wconf 82' lang='lat' dir='ltr'>habere3</span> <span class='ocrx_word' id='word_1_11' title='bbox 2082 510 2342 568; x_wconf 75' lang='lat' dir='ltr'>branchias</span> 
     </span>
     <span class='ocr_line' id='line_1_4' title="bbox 400 581 2341 654; baseline 0.001 -15"><span class='ocrx_word' id='word_1_12' title='bbox 400 604 537 639; x_wconf 86' lang='lat' dir='ltr'>veras</span> <span class='ocrx_word' id='word_1_13' title='bbox 559 588 688 637; x_wconf 88' lang='lat' dir='ltr'>intus</span> <span class='ocrx_word' id='word_1_14' title='bbox 710 581 896 645; x_wconf 84' lang='lat' dir='ltr'>adeffe,</span> <span class='ocrx_word' id='word_1_15' title='bbox 926 585 1162 653; x_wconf 83' lang='lat' dir='ltr'>(quarum</span> <span class='ocrx_word' id='word_1_16' title='bbox 1189 601 1457 635; x_wconf 86' lang='lat' dir='ltr'>numerum</span> <span class='ocrx_word' id='word_1_17' title='bbox 1487 581 1673 637; x_wconf 86' lang='lat' dir='ltr'>oblitus</span> <span class='ocrx_word' id='word_1_18' title='bbox 1698 587 1790 651; x_wconf 87' lang='lat' dir='ltr'>est)</span> <span class='ocrx_word' id='word_1_19' title='bbox 1821 585 2120 654; x_wconf 80' lang='lat' dir='ltr'>pulmonum</span> <span class='ocrx_word' id='word_1_20' title='bbox 2149 586 2341 641; x_wconf 75' lang='lat' dir='ltr'>nullum</span> 
     </span>
     <span class='ocr_line' id='line_1_5' title="bbox 399 657 2342 732; baseline 0.003 -22"><span class='ocrx_word' id='word_1_21' title='bbox 399 660 542 732; x_wconf 84' lang='lat' dir='ltr'>plane</span> <span class='ocrx_word' id='word_1_22' title='bbox 562 660 836 726; x_wconf 77' lang='lat' dir='ltr'>vestigium,</span> <span class='ocrx_word' id='word_1_23' title='bbox 912 661 1141 727; x_wconf 82' lang='lat' dir='ltr'>Denique</span> <span class='ocrx_word' id='word_1_24' title='bbox 1173 670 1342 708; x_wconf 85' lang='lat' dir='ltr'>contra</span> <span class='ocrx_word' id='word_1_25' title='bbox 1368 657 1621 724; x_wconf 79' lang='lat' dir='ltr'>vulgarem</span> <span class='ocrx_word' id='word_1_26' title='bbox 1651 662 1944 728; x_wconf 76' lang='lat' dir='ltr'>opinionem</span> <span class='ocrx_word' id='word_1_27' title='bbox 1973 663 2127 713; x_wconf 88' lang='lat' dir='ltr'>utitur</span> <span class='ocrx_word' id='word_1_28' title='bbox 2152 680 2215 714; x_wconf 89' lang='lat' dir='ltr'>eo</span> <span class='ocrx_word' id='word_1_29' title='bbox 2235 662 2342 716; x_wconf 91' lang='lat' dir='ltr'>solo</span> 
     </span>
     <span class='ocr_line' id='line_1_6' title="bbox 402 729 2344 802; baseline 0.001 -15"><span class='ocrx_word' id='word_1_30' title='bbox 402 747 713 802; x_wconf 80' lang='lat' dir='ltr'>argumento,</span> <span class='ocrx_word' id='word_1_31' title='bbox 753 744 806 782; x_wconf 79' lang='lat' dir='ltr'>ut</span> <span class='ocrx_word' id='word_1_32' title='bbox 825 744 1042 791; x_wconf 75' lang='lat' dir='ltr'>moneat,</span> <span class='ocrx_word' id='word_1_33' title='bbox 1068 729 1358 781; x_wconf 84' lang='lat' dir='ltr'>lacertarum</span> <span class='ocrx_word' id='word_1_34' title='bbox 1378 729 1602 784; x_wconf 80' lang='lat' dir='ltr'>lobolem</span> <span class='ocrx_word' id='word_1_35' title='bbox 1622 730 1888 802; x_wconf 65' lang='lat' dir='ltr'>perfediam</span> <span class='ocrx_word' id='word_1_36' title='bbox 1910 752 1972 787; x_wconf 87' lang='lat' dir='ltr'>ex</span> <span class='ocrx_word' id='word_1_37' title='bbox 1996 738 2107 788; x_wconf 91' lang='lat' dir='ltr'>ovis</span> <span class='ocrx_word' id='word_1_38' title='bbox 2129 735 2344 799; x_wconf 80' lang='lat' dir='ltr'>excludi,</span> 
     </span>
     <span class='ocr_line' id='line_1_7' title="bbox 390 805 2343 879; baseline -0.003 -17"><span class='ocrx_word' id='word_1_39' title='bbox 390 812 494 862; x_wconf 81' lang='lat' dir='ltr'>³nec</span> <span class='ocrx_word' id='word_1_40' title='bbox 515 805 718 858; x_wconf 73' lang='lat' dir='ltr'>similem</span> <span class='ocrx_word' id='word_1_41' title='bbox 738 808 917 872; x_wconf 82' lang='lat' dir='ltr'>gyrinis</span> <span class='ocrx_word' id='word_1_42' title='bbox 940 821 1165 855; x_wconf 81' lang='lat' dir='ltr'>ranarum</span> <span class='ocrx_word' id='word_1_43' title='bbox 1197 807 1524 857; x_wconf 73' lang='lat' dir='ltr'>mutationem</span> <span class='ocrx_word' id='word_1_44' title='bbox 1554 809 1676 875; x_wconf 87' lang='lat' dir='ltr'>pati:</span> <span class='ocrx_word' id='word_1_45' title='bbox 1716 811 1859 875; x_wconf 78' lang='lat' dir='ltr'>Qae</span> <span class='ocrx_word' id='word_1_46' title='bbox 1884 808 2088 879; x_wconf 84' lang='lat' dir='ltr'>quidem</span> <span class='ocrx_word' id='word_1_47' title='bbox 2106 810 2343 862; x_wconf 77' lang='lat' dir='ltr'>sententia</span> 
     </span>
     <span class='ocr_line' id='line_1_8' title="bbox 405 877 2336 954; baseline 0.001 -20"><span class='ocrx_word' id='word_1_48' title='bbox 405 883 466 935; x_wconf 86' lang='lat' dir='ltr'>de</span> <span class='ocrx_word' id='word_1_49' title='bbox 497 880 685 932; x_wconf 86' lang='lat' dir='ltr'>lacertis</span> <span class='ocrx_word' id='word_1_50' title='bbox 718 877 1019 931; x_wconf 83' lang='lat' dir='ltr'>terrestribus</span> <span class='ocrx_word' id='word_1_51' title='bbox 1049 878 1288 929; x_wconf 84' lang='lat' dir='ltr'>veriffima</span> <span class='ocrx_word' id='word_1_52' title='bbox 1311 914 1326 939; x_wconf 91' lang='lat'>,</span> <span class='ocrx_word' id='word_1_53' title='bbox 1382 884 1736 950; x_wconf 64' lang='lat' dir='ltr'>‘aquaticarum</span> <span class='ocrx_word' id='word_1_54' title='bbox 1776 895 1940 933; x_wconf 87' lang='lat' dir='ltr'>tamen</span> <span class='ocrx_word' id='word_1_55' title='bbox 1987 888 2336 954; x_wconf 71' lang='lat' dir='ltr'>exceptionem</span> 
     </span>
     <span class='ocr_line' id='line_1_9' title="bbox 393 952 2343 1024; baseline 0.001 -15"><span class='ocrx_word' id='word_1_56' title='bbox 393 955 576 1016; x_wconf 82' lang='lat' dir='ltr'>habet,</span> <span class='ocrx_word' id='word_1_57' title='bbox 619 968 671 1005; x_wconf 88' lang='lat' dir='ltr'>ut</span> <span class='ocrx_word' id='word_1_58' title='bbox 692 969 830 1005; x_wconf 84' lang='lat' dir='ltr'>antea</span> <span class='ocrx_word' id='word_1_59' title='bbox 854 952 1243 1004; x_wconf 82' lang='lat' dir='ltr'>demonstratum</span> <span class='ocrx_word' id='word_1_60' title='bbox 1273 953 1353 1004; x_wconf 85' lang='lat' dir='ltr'>est.</span> <span class='ocrx_word' id='word_1_61' title='bbox 1429 957 1502 1003; x_wconf 75' lang='lat' dir='ltr'>Ex</span> <span class='ocrx_word' id='word_1_62' title='bbox 1526 967 1625 1006; x_wconf 84' lang='lat' dir='ltr'>tota</span> <span class='ocrx_word' id='word_1_63' title='bbox 1655 954 1746 1006; x_wconf 90' lang='lat' dir='ltr'>hac</span> <span class='ocrx_word' id='word_1_64' title='bbox 1777 955 2101 1024; x_wconf 82' lang='lat' dir='ltr'>disputatione</span> <span class='ocrx_word' id='word_1_65' title='bbox 2132 957 2343 1011; x_wconf 67' lang='lat' dir='ltr'>ledlores</span> 
     </span>
     <span class='ocr_line' id='line_1_10' title="bbox 393 1025 2342 1100; baseline -0.003 -18"><span class='ocrx_word' id='word_1_66' title='bbox 393 1029 543 1085; x_wconf 59' lang='lat' dir='ltr'>*facile</span> <span class='ocrx_word' id='word_1_67' title='bbox 568 1027 799 1095; x_wconf 78' lang='lat' dir='ltr'>colligent</span> <span class='ocrx_word' id='word_1_68' title='bbox 819 1027 1141 1096; x_wconf 73' lang='lat' dir='ltr'>suspicionem</span> <span class='ocrx_word' id='word_1_69' title='bbox 1156 1025 1450 1094; x_wconf 78' lang='lat' dir='ltr'>appendices</span> <span class='ocrx_word' id='word_1_70' title='bbox 1472 1031 1760 1094; x_wconf 78' lang='lat' dir='ltr'>gyrinorum</span> <span class='ocrx_word' id='word_1_71' title='bbox 1784 1027 2171 1100; x_wconf 83' lang='lat' dir='ltr'>larvatarumque</span> <span class='ocrx_word' id='word_1_72' title='bbox 2193 1032 2342 1084; x_wconf 82' lang='lat' dir='ltr'>lacer-</span> 
     </span>
     <span class='ocr_line' id='line_1_11' title="bbox 401 1098 2343 1173; baseline 0.001 -16"><span class='ocrx_word' id='word_1_73' title='bbox 401 1119 563 1158; x_wconf 85' lang='lat' dir='ltr'>tarum</span> <span class='ocrx_word' id='word_1_74' title='bbox 591 1106 923 1173; x_wconf 82' lang='lat' dir='ltr'>aquaticarum</span> <span class='ocrx_word' id='word_1_75' title='bbox 949 1099 1123 1153; x_wconf 86' lang='lat' dir='ltr'>fimiles</span> <span class='ocrx_word' id='word_1_76' title='bbox 1154 1098 1397 1152; x_wconf 82' lang='lat' dir='ltr'>branchiis</span> <span class='ocrx_word' id='word_1_77' title='bbox 1421 1105 1599 1154; x_wconf 75' lang='lat' dir='ltr'>Sirenis</span> <span class='ocrx_word' id='word_1_78' title='bbox 1633 1120 1658 1153; x_wconf 90' lang='lat' dir='ltr'>a</span> <span class='ocrx_word' id='word_1_79' title='bbox 1682 1101 1849 1156; x_wconf 84' lang='lat' dir='ltr'>multis</span> <span class='ocrx_word' id='word_1_80' title='bbox 1878 1102 2045 1166; x_wconf 57' lang='lat' dir='ltr'>diuis,</span> <span class='ocrx_word' id='word_1_81' title='bbox 2080 1104 2206 1157; x_wconf 89' lang='lat' dir='ltr'>forte</span> <span class='ocrx_word' id='word_1_82' title='bbox 2238 1115 2343 1160; x_wconf 85' lang='lat' dir='ltr'>non</span> 
     </span>
     <span class='ocr_line' id='line_1_12' title="bbox 403 1174 2343 1247; baseline 0 -14"><span class='ocrx_word' id='word_1_83' title='bbox 403 1182 557 1246; x_wconf 69' lang='lat' dir='ltr'>magis</span> <span class='ocrx_word' id='word_1_84' title='bbox 581 1177 640 1229; x_wconf 85' lang='lat' dir='ltr'>ad</span> <span class='ocrx_word' id='word_1_85' title='bbox 663 1175 925 1246; x_wconf 78' lang='lat' dir='ltr'>pulmones</span> <span class='ocrx_word' id='word_1_86' title='bbox 947 1188 997 1226; x_wconf 86' lang='lat' dir='ltr'>et</span> <span class='ocrx_word' id='word_1_87' title='bbox 1028 1174 1393 1242; x_wconf 77' lang='lat' dir='ltr'>respirationem</span> <span class='ocrx_word' id='word_1_88' title='bbox 1415 1179 1676 1244; x_wconf 82' lang='lat' dir='ltr'>pertinere,</span> <span class='ocrx_word' id='word_1_89' title='bbox 1715 1195 1866 1247; x_wconf 87' lang='lat' dir='ltr'>quam</span> <span class='ocrx_word' id='word_1_90' title='bbox 1888 1181 1939 1229; x_wconf 88' lang='lat' dir='ltr'>in</span> <span class='ocrx_word' id='word_1_91' title='bbox 1959 1181 2138 1232; x_wconf 85' lang='lat' dir='ltr'>Sirene.</span> <span class='ocrx_word' id='word_1_92' title='bbox 2179 1183 2343 1247; x_wconf 80' lang='lat' dir='ltr'>Digna</span> 
     </span>
     <span class='ocr_line' id='line_1_13' title="bbox 398 1247 2337 1323; baseline 0.001 -18"><span class='ocrx_word' id='word_1_93' title='bbox 398 1258 551 1322; x_wconf 58' lang='lat' dir='ltr'>&gt;igitur</span> <span class='ocrx_word' id='word_1_94' title='bbox 571 1254 637 1304; x_wconf 85' lang='lat' dir='ltr'>est</span> <span class='ocrx_word' id='word_1_95' title='bbox 660 1252 905 1323; x_wconf 82' lang='lat' dir='ltr'>quaestio,</span> <span class='ocrx_word' id='word_1_96' title='bbox 947 1266 1070 1320; x_wconf 84' lang='lat' dir='ltr'>quae</span> <span class='ocrx_word' id='word_1_97' title='bbox 1091 1260 1313 1301; x_wconf 79' lang='lat' dir='ltr'>&#39;accurata</span> <span class='ocrx_word' id='word_1_98' title='bbox 1340 1247 1581 1302; x_wconf 84' lang='lat' dir='ltr'>larvarum</span> <span class='ocrx_word' id='word_1_99' title='bbox 1602 1253 1855 1320; x_wconf 82' lang='lat' dir='ltr'>utriusque</span> <span class='ocrx_word' id='word_1_100' title='bbox 1881 1256 2070 1320; x_wconf 82' lang='lat' dir='ltr'>generis</span> <span class='ocrx_word' id='word_1_101' title='bbox 2092 1258 2337 1308; x_wconf 73' lang='lat' dir='ltr'>anatomia</span> 
     </span>
     <span class='ocr_line' id='line_1_14' title="bbox 404 1322 2344 1397; baseline -0.002 -15"><span class='ocrx_word' id='word_1_102' title='bbox 404 1343 806 1397; x_wconf 75' lang='lat' dir='ltr'>organorumque</span> <span class='ocrx_word' id='word_1_103' title='bbox 827 1324 1148 1392; x_wconf 74' lang='lat' dir='ltr'>respirationis</span> <span class='ocrx_word' id='word_1_104' title='bbox 1171 1322 1529 1390; x_wconf 74' lang='lat' dir='ltr'>diligentissima</span> <span class='ocrx_word' id='word_1_105' title='bbox 1550 1325 2134 1392; x_wconf 77' lang='lat' dir='ltr'>investigationetandem</span> <span class='ocrx_word' id='word_1_106' title='bbox 2156 1328 2344 1380; x_wconf 86' lang='lat' dir='ltr'>exhau-</span> 
     </span>
     <span class='ocr_line' id='line_1_15' title="bbox 401 1397 2343 1470; baseline -0.001 -15"><span class='ocrx_word' id='word_1_107' title='bbox 401 1407 552 1455; x_wconf 63' lang='lat' dir='ltr'>riatur</span> <span class='ocrx_word' id='word_1_108' title='bbox 584 1399 969 1470; x_wconf 85' lang='lat' dir='ltr'>absolvaturque.</span> <span class='ocrx_word' id='word_1_109' title='bbox 1049 1397 1153 1466; x_wconf 84' lang='lat' dir='ltr'>Ipse</span> <span class='ocrx_word' id='word_1_110' title='bbox 1177 1415 1382 1449; x_wconf 88' lang='lat' dir='ltr'>manum</span> <span class='ocrx_word' id='word_1_111' title='bbox 1406 1397 1674 1450; x_wconf 85' lang='lat' dir='ltr'>admovere</span> <span class='ocrx_word' id='word_1_112' title='bbox 1714 1404 1852 1468; x_wconf 82' lang='lat' dir='ltr'>operi</span> <span class='ocrx_word' id='word_1_113' title='bbox 1882 1400 2022 1463; x_wconf 89' lang='lat' dir='ltr'>huic,</span> <span class='ocrx_word' id='word_1_114' title='bbox 2068 1401 2343 1455; x_wconf 90' lang='lat' dir='ltr'>dum-haec</span> 
     </span>
     <span class='ocr_line' id='line_1_16' title="bbox 400 1471 2346 1547; baseline 0.001 -18"><span class='ocrx_word' id='word_1_115' title='bbox 400 1474 686 1536; x_wconf 78' lang='lat' dir='ltr'>scribebam,</span> <span class='ocrx_word' id='word_1_116' title='bbox 714 1492 815 1527; x_wconf 87' lang='lat' dir='ltr'>non</span> <span class='ocrx_word' id='word_1_117' title='bbox 836 1475 992 1542; x_wconf 88' lang='lat' dir='ltr'>potui,</span> <span class='ocrx_word' id='word_1_118' title='bbox 1033 1471 1231 1524; x_wconf 80' lang='lat' dir='ltr'>hiemali</span> <span class='ocrx_word' id='word_1_119' title='bbox 1250 1473 1534 1543; x_wconf 85' lang='lat' dir='ltr'>tempestate</span> <span class='ocrx_word' id='word_1_120' title='bbox 1553 1473 1846 1544; x_wconf 80' lang='lat' dir='ltr'>impeditus3</span> <span class='ocrx_word' id='word_1_121' title='bbox 1891 1474 1975 1529; x_wconf 62' lang='lat' dir='ltr'>fied</span> <span class='ocrx_word' id='word_1_122' title='bbox 2001 1474 2098 1531; x_wconf 88' lang='lat' dir='ltr'>alio</span> <span class='ocrx_word' id='word_1_123' title='bbox 2118 1491 2346 1547; x_wconf 82' lang='lat' dir='ltr'>tempore</span> 
     </span>
     <span class='ocr_line' id='line_1_17' title="bbox 402 1543 1282 1607; baseline -0.01 0"><span class='ocrx_word' id='word_1_124' title='bbox 402 1551 594 1607; x_wconf 83' lang='lat' dir='ltr'>sedulus</span> <span class='ocrx_word' id='word_1_125' title='bbox 618 1549 736 1603; x_wconf 90' lang='lat' dir='ltr'>huic</span> <span class='ocrx_word' id='word_1_126' title='bbox 768 1546 1062 1600; x_wconf 77' lang='lat' dir='ltr'>dubitationi</span> <span class='ocrx_word' id='word_1_127' title='bbox 1081 1543 1282 1600; x_wconf 85' lang='lat' dir='ltr'>vacabo.</span> 
     </span>
    </p>
   </div>
   <div class='ocr_carea' id='block_1_4' title="bbox 399 1691 2343 3246">
    <p class='ocr_par' dir='ltr' id='par_1_4' title="bbox 399 1691 2343 3246">
     <span class='ocr_line' id='line_1_18' title="bbox 593 1691 2342 1767; baseline 0.001 -20"><span class='ocrx_word' id='word_1_128' title='bbox 593 1694 942 1748; x_wconf 87' lang='lat' dir='ltr'>Branchiarum</span> <span class='ocrx_word' id='word_1_129' title='bbox 971 1710 1158 1746; x_wconf 86' lang='lat' dir='ltr'>nomen</span> <span class='ocrx_word' id='word_1_130' title='bbox 1192 1691 1543 1763; x_wconf 77' lang='lat' dir='ltr'>appendicibus</span> <span class='ocrx_word' id='word_1_131' title='bbox 1576 1691 1818 1747; x_wconf 88' lang='lat' dir='ltr'>larvarum</span> <span class='ocrx_word' id='word_1_132' title='bbox 1848 1691 2136 1748; x_wconf 83' lang='lat' dir='ltr'>lacertarum</span> <span class='ocrx_word' id='word_1_133' title='bbox 2157 1699 2342 1767; x_wconf 88' lang='lat' dir='ltr'>aquati-</span> 
     </span>
     <span class='ocr_line' id='line_1_19' title="bbox 405 1765 2343 1840; baseline 0 -17"><span class='ocrx_word' id='word_1_134' title='bbox 405 1788 577 1823; x_wconf 88' lang='lat' dir='ltr'>carum</span> <span class='ocrx_word' id='word_1_135' title='bbox 596 1771 704 1840; x_wconf 89' lang='lat' dir='ltr'>post</span> <span class='ocrx_word' id='word_1_136' title='bbox 726 1783 872 1839; x_wconf 83' lang='lat' dir='ltr'>caput</span> <span class='ocrx_word' id='word_1_137' title='bbox 890 1782 1029 1821; x_wconf 86' lang='lat' dir='ltr'>extus</span> <span class='ocrx_word' id='word_1_138' title='bbox 1061 1767 1284 1836; x_wconf 74' lang='lat' dir='ltr'>appositis</span> <span class='ocrx_word' id='word_1_139' title='bbox 1304 1771 1403 1832; x_wconf 85' lang='lat' dir='ltr'>jam</span> <span class='ocrx_word' id='word_1_140' title='bbox 1424 1768 1545 1821; x_wconf 88' lang='lat' dir='ltr'>olim</span> <span class='ocrx_word' id='word_1_141' title='bbox 1568 1768 1741 1820; x_wconf 85' lang='lat' dir='ltr'>indidit</span> <span class='ocrx_word' id='word_1_142' title='bbox 1758 1765 2068 1838; x_wconf 75' lang='lat' dir='ltr'>Aristoteles.</span> <span class='ocrx_word' id='word_1_143' title='bbox 2146 1775 2190 1823; x_wconf 89' lang='lat' dir='ltr'>Is</span> <span class='ocrx_word' id='word_1_144' title='bbox 2209 1775 2343 1823; x_wconf 88' lang='lat' dir='ltr'>enim</span> 
     </span>
     <span class='ocr_line' id='line_1_20' title="bbox 406 1839 2342 1911; baseline 0.001 -15"><span class='ocrx_word' id='word_1_145' title='bbox 406 1844 699 1910; x_wconf 86' lang='lat' dir='ltr'>Scordylum</span> <span class='ocrx_word' id='word_1_146' title='bbox 735 1846 1003 1896; x_wconf 85' lang='lat' dir='ltr'>nominavit</span> <span class='ocrx_word' id='word_1_147' title='bbox 1032 1841 1287 1893; x_wconf 84' lang='lat' dir='ltr'>lacustrem</span> <span class='ocrx_word' id='word_1_148' title='bbox 1310 1839 1508 1893; x_wconf 86' lang='lat' dir='ltr'>bestiam</span> <span class='ocrx_word' id='word_1_149' title='bbox 1547 1841 1945 1911; x_wconf 76' lang='lat' dir='ltr'>quadrupedem,</span> <span class='ocrx_word' id='word_1_150' title='bbox 2006 1844 2260 1896; x_wconf 76' lang='lat' dir='ltr'>caudatam</span> <span class='ocrx_word' id='word_1_151' title='bbox 2291 1848 2342 1896; x_wconf 86' lang='lat' dir='ltr'>in</span> 
     </span>
     <span class='ocr_line' id='line_1_21' title="bbox 403 1914 2343 1984; baseline -0.002 -12"><span class='ocrx_word' id='word_1_152' title='bbox 403 1937 604 1973; x_wconf 84' lang='lat' dir='ltr'>morem</span> <span class='ocrx_word' id='word_1_153' title='bbox 625 1917 777 1980; x_wconf 87' lang='lat' dir='ltr'>filuri,</span> <span class='ocrx_word' id='word_1_154' title='bbox 816 1932 864 1969; x_wconf 91' lang='lat' dir='ltr'>et</span> <span class='ocrx_word' id='word_1_155' title='bbox 890 1914 1148 1968; x_wconf 82' lang='lat' dir='ltr'>branchias</span> <span class='ocrx_word' id='word_1_156' title='bbox 1174 1930 1314 1966; x_wconf 84' lang='lat' dir='ltr'>extus</span> <span class='ocrx_word' id='word_1_157' title='bbox 1347 1914 1522 1984; x_wconf 85' lang='lat' dir='ltr'>pofitas</span> <span class='ocrx_word' id='word_1_158' title='bbox 1544 1929 1812 1981; x_wconf 82' lang='lat' dir='ltr'>gerentem.</span> <span class='ocrx_word' id='word_1_159' title='bbox 1888 1920 2054 1970; x_wconf 85' lang='lat' dir='ltr'>Primo</span> <span class='ocrx_word' id='word_1_160' title='bbox 2076 1916 2192 1971; x_wconf 85' lang='lat' dir='ltr'>loco</span> <span class='ocrx_word' id='word_1_161' title='bbox 2223 1921 2343 1971; x_wconf 86' lang='lat' dir='ltr'>Hist.</span> 
     </span>
     <span class='ocr_line' id='line_1_22' title="bbox 403 1987 2343 2060; baseline -0.001 -14"><span class='ocrx_word' id='word_1_162' title='bbox 403 1991 619 2046; x_wconf 85' lang='lat' dir='ltr'>Animal.</span> <span class='ocrx_word' id='word_1_163' title='bbox 641 1997 670 2043; x_wconf 88' lang='lat'>1.</span> <span class='ocrx_word' id='word_1_164' title='bbox 701 2010 735 2041; x_wconf 80' lang='grc' dir='ltr'>ι.</span> <span class='ocrx_word' id='word_1_165' title='bbox 758 2009 874 2043; x_wconf 90' lang='lat' dir='ltr'>cum</span> <span class='ocrx_word' id='word_1_166' title='bbox 895 2008 1006 2042; x_wconf 88' lang='lat' dir='ltr'>rana</span> <span class='ocrx_word' id='word_1_167' title='bbox 1031 1993 1155 2041; x_wconf 88' lang='lat' dir='ltr'>inter</span> <span class='ocrx_word' id='word_1_168' title='bbox 1191 1988 1404 2040; x_wconf 79' lang='lat' dir='ltr'>lacustria</span> <span class='ocrx_word' id='word_1_169' title='bbox 1438 1987 1662 2042; x_wconf 86' lang='lat' dir='ltr'>animalia</span> <span class='ocrx_word' id='word_1_170' title='bbox 1693 2006 2062 2044; x_wconf 87' lang='lat' dir='ltr'>commemorat</span> <span class='ocrx_word' id='word_1_171' title='bbox 2082 1992 2343 2060; x_wconf 80' lang='lat' dir='ltr'>cordylen3</span> 
     </span>
     <span class='ocr_line' id='line_1_23' title="bbox 404 2061 2341 2134; baseline -0.001 -14"><span class='ocrx_word' id='word_1_172' title='bbox 404 2067 485 2120; x_wconf 85' lang='lat' dir='ltr'>sed</span> <span class='ocrx_word' id='word_1_173' title='bbox 509 2065 577 2118; x_wconf 83' lang='lat' dir='ltr'>ibi</span> <span class='ocrx_word' id='word_1_174' title='bbox 600 2065 815 2120; x_wconf 86' lang='lat' dir='ltr'>Codices</span> <span class='ocrx_word' id='word_1_175' title='bbox 835 2063 1031 2134; x_wconf 75' lang='lat' dir='ltr'>plurimi</span> <span class='ocrx_word' id='word_1_176' title='bbox 1054 2062 1337 2129; x_wconf 85' lang='lat' dir='ltr'>cordylum,</span> <span class='ocrx_word' id='word_1_177' title='bbox 1375 2061 1450 2114; x_wconf 81' lang='lat' dir='ltr'>alii</span> <span class='ocrx_word' id='word_1_178' title='bbox 1474 2063 1694 2115; x_wconf 88' lang='lat' dir='ltr'>cordilen</span> <span class='ocrx_word' id='word_1_179' title='bbox 1714 2063 1966 2133; x_wconf 85' lang='lat' dir='ltr'>appellant.</span> <span class='ocrx_word' id='word_1_180' title='bbox 2018 2065 2155 2119; x_wconf 88' lang='lat' dir='ltr'>Olim</span> <span class='ocrx_word' id='word_1_181' title='bbox 2177 2080 2341 2119; x_wconf 84' lang='lat' dir='ltr'>tamen</span> 
     </span>
     <span class='ocr_line' id='line_1_24' title="bbox 405 2134 2342 2212; baseline -0.001 -17"><span class='ocrx_word' id='word_1_182' title='bbox 405 2145 455 2195; x_wconf 90' lang='lat' dir='ltr'>in</span> <span class='ocrx_word' id='word_1_183' title='bbox 477 2161 539 2195; x_wconf 87' lang='lat' dir='ltr'>eo</span> <span class='ocrx_word' id='word_1_184' title='bbox 562 2140 679 2194; x_wconf 86' lang='lat' dir='ltr'>loco</span> <span class='ocrx_word' id='word_1_185' title='bbox 695 2138 872 2192; x_wconf 59' lang='lat' dir='ltr'>leeiazn</span> <span class='ocrx_word' id='word_1_186' title='bbox 893 2136 1027 2190; x_wconf 77' lang='lat' dir='ltr'>fuiffe</span> <span class='ocrx_word' id='word_1_187' title='bbox 1059 2136 1331 2204; x_wconf 79' lang='lat' dir='ltr'>scordylem</span> <span class='ocrx_word' id='word_1_188' title='bbox 1353 2151 1484 2206; x_wconf 83' lang='lat' dir='ltr'>patet</span> <span class='ocrx_word' id='word_1_189' title='bbox 1509 2155 1571 2189; x_wconf 77' lang='lat' dir='ltr'>ex</span> <span class='ocrx_word' id='word_1_190' title='bbox 1594 2134 1836 2209; x_wconf 63' lang='lat' dir='ltr'>Hffyclrii</span> <span class='ocrx_word' id='word_1_191' title='bbox 1853 2137 2000 2206; x_wconf 76' lang='lat' dir='ltr'>gloffa</span> <span class='ocrx_word' id='word_1_192' title='bbox 2015 2177 2030 2202; x_wconf 89' lang='lat'>,</span> <span class='ocrx_word' id='word_1_193' title='bbox 2067 2159 2192 2212; x_wconf 88' lang='lat' dir='ltr'>quae</span> <span class='ocrx_word' id='word_1_194' title='bbox 2211 2142 2342 2194; x_wconf 84' lang='lat' dir='ltr'>scor-</span> 
     </span>
     <span class='ocr_line' id='line_1_25' title="bbox 401 2210 2339 2282; baseline 0 -14"><span class='ocrx_word' id='word_1_195' title='bbox 401 2215 572 2282; x_wconf 83' lang='lat' dir='ltr'>·dylem</span> <span class='ocrx_word' id='word_1_196' title='bbox 601 2213 779 2268; x_wconf 82' lang='lat' dir='ltr'>animal</span> <span class='ocrx_word' id='word_1_197' title='bbox 810 2212 1011 2266; x_wconf 77' lang='lat' dir='ltr'>lacustre</span> <span class='ocrx_word' id='word_1_198' title='bbox 1042 2210 1249 2264; x_wconf 81' lang='lat' dir='ltr'>stellioni</span> <span class='ocrx_word' id='word_1_199' title='bbox 1293 2210 1443 2263; x_wconf 84' lang='lat' dir='ltr'>fimile</span> <span class='ocrx_word' id='word_1_200' title='bbox 1473 2215 1828 2280; x_wconf 84' lang='lat' dir='ltr'>interpretatur.</span> <span class='ocrx_word' id='word_1_201' title='bbox 1938 2212 2081 2267; x_wconf 85' lang='lat' dir='ltr'>Alter</span> <span class='ocrx_word' id='word_1_202' title='bbox 2112 2214 2250 2268; x_wconf 92' lang='lat' dir='ltr'>locus</span> <span class='ocrx_word' id='word_1_203' title='bbox 2276 2219 2339 2268; x_wconf 92' lang='lat' dir='ltr'>H.</span> 
     </span>
     <span class='ocr_line' id='line_1_26' title="bbox 405 2284 2341 2357; baseline -0.002 -13"><span class='ocrx_word' id='word_1_204' title='bbox 405 2291 470 2344; x_wconf 84' lang='lat' dir='ltr'>A.</span> <span class='ocrx_word' id='word_1_205' title='bbox 496 2296 529 2341; x_wconf 71' lang='grc' dir='ltr'>Ι.</span> <span class='ocrx_word' id='word_1_206' title='bbox 554 2308 593 2352; x_wconf 82' lang='lat'>5.</span> <span class='ocrx_word' id='word_1_207' title='bbox 616 2288 873 2355; x_wconf 78' lang='lat' dir='ltr'>cordylum</span> <span class='ocrx_word' id='word_1_208' title='bbox 896 2285 1103 2357; x_wconf 76' lang='lat' dir='ltr'>pedibus</span> <span class='ocrx_word' id='word_1_209' title='bbox 1124 2284 1261 2337; x_wconf 79' lang='lat' dir='ltr'>fimul</span> <span class='ocrx_word' id='word_1_210' title='bbox 1282 2299 1328 2337; x_wconf 88' lang='lat' dir='ltr'>ct</span> <span class='ocrx_word' id='word_1_211' title='bbox 1347 2285 1497 2336; x_wconf 85' lang='lat' dir='ltr'>cauda</span> <span class='ocrx_word' id='word_1_212' title='bbox 1522 2284 1663 2337; x_wconf 83' lang='lat' dir='ltr'>fimili</span> <span class='ocrx_word' id='word_1_213' title='bbox 1680 2286 1861 2338; x_wconf 85' lang='lat' dir='ltr'>caudae</span> <span class='ocrx_word' id='word_1_214' title='bbox 1877 2286 2080 2354; x_wconf 85' lang='lat' dir='ltr'>glanidis</span> <span class='ocrx_word' id='word_1_215' title='bbox 2101 2292 2190 2355; x_wconf 82' lang='lat' dir='ltr'>(ex</span> <span class='ocrx_word' id='word_1_216' title='bbox 2213 2289 2341 2342; x_wconf 86' lang='lat' dir='ltr'>filuri</span> 
     </span>
     <span class='ocr_line' id='line_1_27' title="bbox 407 2358 2340 2432; baseline 0 -16"><span class='ocrx_word' id='word_1_217' title='bbox 407 2366 614 2432; x_wconf 77' lang='lat' dir='ltr'>genere)</span> <span class='ocrx_word' id='word_1_218' title='bbox 634 2366 721 2415; x_wconf 90' lang='lat' dir='ltr'>niti</span> <span class='ocrx_word' id='word_1_219' title='bbox 748 2362 927 2432; x_wconf 80' lang='lat' dir='ltr'>prodit,</span> <span class='ocrx_word' id='word_1_220' title='bbox 967 2375 1014 2412; x_wconf 84' lang='lat' dir='ltr'>et</span> <span class='ocrx_word' id='word_1_221' title='bbox 1034 2378 1240 2429; x_wconf 71' lang='lat' dir='ltr'>parvum</span> <span class='ocrx_word' id='word_1_222' title='bbox 1252 2359 1429 2411; x_wconf 78' lang='lat' dir='ltr'>animal</span> <span class='ocrx_word' id='word_1_223' title='bbox 1452 2378 1566 2410; x_wconf 74' lang='lat' dir='ltr'>cum</span> <span class='ocrx_word' id='word_1_224' title='bbox 1588 2358 1782 2426; x_wconf 82' lang='lat' dir='ltr'>glanide</span> <span class='ocrx_word' id='word_1_225' title='bbox 1807 2377 2146 2430; x_wconf 87' lang='lat' dir='ltr'>comparatum</span> <span class='ocrx_word' id='word_1_226' title='bbox 2169 2368 2340 2431; x_wconf 81' lang='lat' dir='ltr'>arguit.</span> 
     </span>
     <span class='ocr_line' id='line_1_28' title="bbox 409 2432 2340 2509; baseline -0.001 -16"><span class='ocrx_word' id='word_1_227' title='bbox 409 2439 625 2493; x_wconf 83' lang='lat' dir='ltr'>Codices</span> <span class='ocrx_word' id='word_1_228' title='bbox 655 2437 856 2509; x_wconf 84' lang='lat' dir='ltr'>quidam</span> <span class='ocrx_word' id='word_1_229' title='bbox 885 2450 933 2487; x_wconf 88' lang='lat' dir='ltr'>et</span> <span class='ocrx_word' id='word_1_230' title='bbox 963 2434 1044 2486; x_wconf 78' lang='lat' dir='ltr'>hic</span> <span class='ocrx_word' id='word_1_231' title='bbox 1073 2432 1360 2494; x_wconf 77' lang='lat' dir='ltr'>Cordilum,</span> <span class='ocrx_word' id='word_1_232' title='bbox 1401 2432 1639 2486; x_wconf 85' lang='lat' dir='ltr'>Canifiani</span> <span class='ocrx_word' id='word_1_233' title='bbox 1671 2453 1785 2485; x_wconf 88' lang='lat' dir='ltr'>cum</span> <span class='ocrx_word' id='word_1_234' title='bbox 1815 2434 2006 2489; x_wconf 79' lang='lat' dir='ltr'>Aldino</span> <span class='ocrx_word' id='word_1_235' title='bbox 2040 2451 2087 2490; x_wconf 86' lang='lat' dir='ltr'>et</span> <span class='ocrx_word' id='word_1_236' title='bbox 2121 2437 2340 2494; x_wconf 76' lang='lat' dir='ltr'>verfione</span> 
     </span>
     <span class='ocr_line' id='line_1_29' title="bbox 411 2506 2339 2583; baseline -0.004 -17"><span class='ocrx_word' id='word_1_237' title='bbox 411 2517 610 2583; x_wconf 81' lang='lat' dir='ltr'>antiqua</span> <span class='ocrx_word' id='word_1_238' title='bbox 632 2511 759 2581; x_wconf 80' lang='lat' dir='ltr'>apud</span> <span class='ocrx_word' id='word_1_239' title='bbox 782 2506 1105 2564; x_wconf 58' lang='lat' dir='ltr'>Vincentia-,⁷222</span> <span class='ocrx_word' id='word_1_240' title='bbox 1122 2512 1265 2559; x_wconf 72' lang='lat' dir='ltr'>XVII.</span> <span class='ocrx_word' id='word_1_241' title='bbox 1289 2525 1329 2559; x_wconf 82' lang='lat' dir='ltr'>c,</span> <span class='ocrx_word' id='word_1_242' title='bbox 1350 2511 1566 2577; x_wconf 76' lang='lat' dir='ltr'>5.i11epte</span> <span class='ocrx_word' id='word_1_243' title='bbox 1588 2507 1895 2561; x_wconf 80' lang='lat' dir='ltr'>crocodilum</span> <span class='ocrx_word' id='word_1_244' title='bbox 1916 2515 2186 2579; x_wconf 82' lang='lat' dir='ltr'>nominant.</span> <span class='ocrx_word' id='word_1_245' title='bbox 2208 2519 2339 2568; x_wconf 90' lang='lat' dir='ltr'>Ter..</span> 
     </span>
     <span class='ocr_line' id='line_1_30' title="bbox 407 2580 2338 2657; baseline 0.001 -16"><span class='ocrx_word' id='word_1_246' title='bbox 407 2593 503 2641; x_wconf 63' lang='lat' dir='ltr'>‘tius</span> <span class='ocrx_word' id='word_1_247' title='bbox 526 2587 664 2640; x_wconf 84' lang='lat' dir='ltr'>locus</span> <span class='ocrx_word' id='word_1_248' title='bbox 687 2590 806 2636; x_wconf 78' lang='lat' dir='ltr'>Vm.</span> <span class='ocrx_word' id='word_1_249' title='bbox 832 2602 878 2636; x_wconf 81' lang='lat'>2.</span> <span class='ocrx_word' id='word_1_250' title='bbox 902 2602 1059 2635; x_wconf 83' lang='lat' dir='ltr'>unum</span> <span class='ocrx_word' id='word_1_251' title='bbox 1081 2582 1239 2635; x_wconf 86' lang='lat' dir='ltr'>modo</span> <span class='ocrx_word' id='word_1_252' title='bbox 1269 2580 1447 2634; x_wconf 86' lang='lat' dir='ltr'>animal</span> <span class='ocrx_word' id='word_1_253' title='bbox 1477 2582 1734 2653; x_wconf 86' lang='lat' dir='ltr'>hucusque</span> <span class='ocrx_word' id='word_1_254' title='bbox 1757 2588 2012 2650; x_wconf 86' lang='lat' dir='ltr'>cognitum</span> <span class='ocrx_word' id='word_1_255' title='bbox 2036 2586 2129 2640; x_wconf 85' lang='lat' dir='ltr'>effe</span> <span class='ocrx_word' id='word_1_256' title='bbox 2156 2590 2338 2657; x_wconf 82' lang='lat' dir='ltr'>prodit,</span> 
     </span>
     <span class='ocr_line' id='line_1_31' title="bbox 401 2655 2338 2734; baseline 0.002 -21"><span class='ocrx_word' id='word_1_257' title='bbox 401 2662 547 2734; x_wconf 60' lang='lat' dir='ltr'>⁴quod</span> <span class='ocrx_word' id='word_1_258' title='bbox 572 2679 692 2732; x_wconf 86' lang='lat' dir='ltr'>aqua</span> <span class='ocrx_word' id='word_1_259' title='bbox 714 2678 801 2712; x_wconf 87' lang='lat' dir='ltr'>ore</span> <span class='ocrx_word' id='word_1_260' title='bbox 819 2672 1011 2727; x_wconf 86' lang='lat' dir='ltr'>recepta</span> <span class='ocrx_word' id='word_1_261' title='bbox 1035 2655 1275 2710; x_wconf 82' lang='lat' dir='ltr'>branchiis</span> <span class='ocrx_word' id='word_1_262' title='bbox 1294 2657 1452 2725; x_wconf 84' lang='lat' dir='ltr'>spiret,</span> <span class='ocrx_word' id='word_1_263' title='bbox 1492 2656 1570 2708; x_wconf 89' lang='lat' dir='ltr'>sed</span> <span class='ocrx_word' id='word_1_264' title='bbox 1595 2655 1749 2709; x_wconf 61' lang='lat' dir='ltr'>vidius</span> <span class='ocrx_word' id='word_1_265' title='bbox 1777 2658 1914 2710; x_wconf 85' lang='lat' dir='ltr'>causa</span> <span class='ocrx_word' id='word_1_266' title='bbox 1935 2663 1983 2711; x_wconf 89' lang='lat' dir='ltr'>in</span> <span class='ocrx_word' id='word_1_267' title='bbox 2003 2658 2183 2714; x_wconf 77' lang='lat' dir='ltr'>siccum</span> <span class='ocrx_word' id='word_1_268' title='bbox 2201 2682 2338 2731; x_wconf 82' lang='lat' dir='ltr'>egre-</span> 
     </span>
     <span class='ocr_line' id='line_1_32' title="bbox 408 2729 2338 2803; baseline 0.001 -14"><span class='ocrx_word' id='word_1_269' title='bbox 408 2738 579 2789; x_wconf 75' lang='lat' dir='ltr'>diatur.</span> <span class='ocrx_word' id='word_1_270' title='bbox 655 2731 931 2798; x_wconf 83' lang='lat' dir='ltr'>Cordylum</span> <span class='ocrx_word' id='word_1_271' title='bbox 953 2730 1129 2783; x_wconf 84' lang='lat' dir='ltr'>deinde</span> <span class='ocrx_word' id='word_1_272' title='bbox 1154 2733 1405 2791; x_wconf 79' lang='lat' dir='ltr'>nominat,</span> <span class='ocrx_word' id='word_1_273' title='bbox 1441 2733 1523 2801; x_wconf 88' lang='lat' dir='ltr'>qui</span> <span class='ocrx_word' id='word_1_274' title='bbox 1544 2749 1635 2799; x_wconf 90' lang='lat' dir='ltr'>pro</span> <span class='ocrx_word' id='word_1_275' title='bbox 1654 2729 1894 2800; x_wconf 83' lang='lat' dir='ltr'>pulmone</span> <span class='ocrx_word' id='word_1_276' title='bbox 1913 2731 2163 2798; x_wconf 86' lang='lat' dir='ltr'>branchias</span> <span class='ocrx_word' id='word_1_277' title='bbox 2184 2751 2338 2803; x_wconf 84' lang='lat' dir='ltr'>gerat,</span> 
     </span>
     <span class='ocr_line' id='line_1_33' title="bbox 399 2804 2337 2882; baseline -0.001 -18"><span class='ocrx_word' id='word_1_278' title='bbox 399 2826 455 2864; x_wconf 54' lang='lat' dir='ltr'>‘et</span> <span class='ocrx_word' id='word_1_279' title='bbox 477 2823 686 2882; x_wconf 84' lang='lat' dir='ltr'>quatuor</span> <span class='ocrx_word' id='word_1_280' title='bbox 707 2806 912 2878; x_wconf 85' lang='lat' dir='ltr'>pedibus</span> <span class='ocrx_word' id='word_1_281' title='bbox 946 2810 1149 2867; x_wconf 84' lang='lat' dir='ltr'>nitatur,</span> <span class='ocrx_word' id='word_1_282' title='bbox 1189 2822 1290 2874; x_wconf 91' lang='lat' dir='ltr'>quo</span> <span class='ocrx_word' id='word_1_283' title='bbox 1326 2804 1643 2857; x_wconf 85' lang='lat' dir='ltr'>commodius</span> <span class='ocrx_word' id='word_1_284' title='bbox 1672 2808 1722 2857; x_wconf 87' lang='lat' dir='ltr'>in</span> <span class='ocrx_word' id='word_1_285' title='bbox 1762 2804 1888 2858; x_wconf 89' lang='lat' dir='ltr'>ficco</span> <span class='ocrx_word' id='word_1_286' title='bbox 1922 2807 2149 2860; x_wconf 87' lang='lat' dir='ltr'>incedere</span> <span class='ocrx_word' id='word_1_287' title='bbox 2178 2813 2337 2880; x_wconf 88' lang='lat' dir='ltr'>poffit.</span> 
     </span>
     <span class='ocr_line' id='line_1_34' title="bbox 406 2874 2335 2954; baseline -0.002 -14"><span class='ocrx_word' id='word_1_288' title='bbox 406 2883 552 2940; x_wconf 73' lang='lat' dir='ltr'>Scotz‘</span> <span class='ocrx_word' id='word_1_289' title='bbox 579 2882 733 2936; x_wconf 71' lang='lat' dir='ltr'>vei-fio</span> <span class='ocrx_word' id='word_1_290' title='bbox 764 2881 833 2933; x_wconf 87' lang='lat' dir='ltr'>ibi</span> <span class='ocrx_word' id='word_1_291' title='bbox 864 2876 1085 2934; x_wconf 70' lang='lat' dir='ltr'>Coriolor</span> <span class='ocrx_word' id='word_1_292' title='bbox 1116 2882 1374 2938; x_wconf 68' lang='lat' dir='ltr'>nominat,</span> <span class='ocrx_word' id='word_1_293' title='bbox 1437 2878 1518 2930; x_wconf 90' lang='lat' dir='ltr'>sed</span> <span class='ocrx_word' id='word_1_294' title='bbox 1547 2874 1795 2932; x_wconf 73' lang='lat' dir='ltr'>Albertus</span> <span class='ocrx_word' id='word_1_295' title='bbox 1835 2877 2078 2951; x_wconf 55' lang='lat' dir='ltr'>tss&#39;oarrslmn</span> <span class='ocrx_word' id='word_1_296' title='bbox 2112 2885 2335 2954; x_wconf 82' lang='lat' dir='ltr'>appellat,</span> 
     </span>
     <span class='ocr_line' id='line_1_35' title="bbox 408 2951 2335 3025; baseline -0.001 -12"><span class='ocrx_word' id='word_1_297' title='bbox 408 2959 470 3013; x_wconf 85' lang='lat' dir='ltr'>ab</span> <span class='ocrx_word' id='word_1_298' title='bbox 490 2958 592 3012; x_wconf 85' lang='lat' dir='ltr'>aliis</span> <span class='ocrx_word' id='word_1_299' title='bbox 613 2953 784 3011; x_wconf 69' lang='lat' dir='ltr'><em>Sedoz</em></span> <span class='ocrx_word' id='word_1_300' title='bbox 808 2953 1035 3025; x_wconf 84' lang='lat' dir='ltr'>appellari</span> <span class='ocrx_word' id='word_1_301' title='bbox 1058 2967 1310 3006; x_wconf 82' lang='lat' dir='ltr'>annotans.</span> <span class='ocrx_word' id='word_1_302' title='bbox 1369 2956 1586 3019; x_wconf 62' lang='lat' dir='ltr'>Qtartus</span> <span class='ocrx_word' id='word_1_303' title='bbox 1607 2951 1746 3005; x_wconf 86' lang='lat' dir='ltr'>locus</span> <span class='ocrx_word' id='word_1_304' title='bbox 1768 2954 1916 3006; x_wconf 85' lang='lat' dir='ltr'>exstat</span> <span class='ocrx_word' id='word_1_305' title='bbox 1938 2955 1999 3007; x_wconf 91' lang='lat' dir='ltr'>de</span> <span class='ocrx_word' id='word_1_306' title='bbox 2023 2958 2244 3012; x_wconf 86' lang='lat' dir='ltr'>Partibus</span> <span class='ocrx_word' id='word_1_307' title='bbox 2256 2965 2335 3014; x_wconf 90' lang='lat' dir='ltr'>IV.</span> 
     </span>
     <span class='ocr_line' id='line_1_36' title="bbox 411 3025 2336 3098; baseline 0.001 -12"><span class='ocrx_word' id='word_1_308' title='bbox 411 3053 490 3098; x_wconf 82' lang='lat'>13.</span> <span class='ocrx_word' id='word_1_309' title='bbox 519 3032 602 3084; x_wconf 87' lang='lat' dir='ltr'>ubi</span> <span class='ocrx_word' id='word_1_310' title='bbox 634 3030 820 3097; x_wconf 79' lang='lat' dir='ltr'>cordyli</span> <span class='ocrx_word' id='word_1_311' title='bbox 855 3028 1108 3081; x_wconf 80' lang='lat' dir='ltr'>branchias</span> <span class='ocrx_word' id='word_1_312' title='bbox 1140 3041 1189 3080; x_wconf 92' lang='lat' dir='ltr'>et</span> <span class='ocrx_word' id='word_1_313' title='bbox 1218 3026 1370 3096; x_wconf 88' lang='lat' dir='ltr'>pedes</span> <span class='ocrx_word' id='word_1_314' title='bbox 1399 3025 1578 3078; x_wconf 84' lang='lat' dir='ltr'>habere</span> <span class='ocrx_word' id='word_1_315' title='bbox 1609 3026 1861 3087; x_wconf 71' lang='lat' dir='ltr'>dicuntur,</span> <span class='ocrx_word' id='word_1_316' title='bbox 1921 3033 2184 3098; x_wconf 89' lang='lat' dir='ltr'>pinnarum</span> <span class='ocrx_word' id='word_1_317' title='bbox 2215 3052 2336 3088; x_wconf 88' lang='lat' dir='ltr'>vero</span> 
     </span>
     <span class='ocr_line' id='line_1_37' title="bbox 403 3099 2334 3176; baseline -0.001 -14"><span class='ocrx_word' id='word_1_318' title='bbox 403 3108 522 3162; x_wconf 84' lang='lat' dir='ltr'>loco</span> <span class='ocrx_word' id='word_1_319' title='bbox 553 3106 760 3158; x_wconf 82' lang='lat' dir='ltr'>caudam</span> <span class='ocrx_word' id='word_1_320' title='bbox 789 3118 992 3156; x_wconf 84' lang='lat' dir='ltr'>tenuem</span> <span class='ocrx_word' id='word_1_321' title='bbox 1025 3115 1072 3154; x_wconf 91' lang='lat' dir='ltr'>et</span> <span class='ocrx_word' id='word_1_322' title='bbox 1092 3101 1292 3171; x_wconf 74' lang='lat' dir='ltr'>vplanam</span> <span class='ocrx_word' id='word_1_323' title='bbox 1323 3100 1537 3151; x_wconf 80' lang='lat' dir='ltr'>additam</span> <span class='ocrx_word' id='word_1_324' title='bbox 1559 3099 1652 3151; x_wconf 84' lang='lat' dir='ltr'>effe</span> <span class='ocrx_word' id='word_1_325' title='bbox 1672 3104 1753 3152; x_wconf 87' lang='lat' dir='ltr'>ait.</span> <span class='ocrx_word' id='word_1_326' title='bbox 1828 3106 2059 3174; x_wconf 89' lang='lat' dir='ltr'>Denique</span> <span class='ocrx_word' id='word_1_327' title='bbox 2085 3106 2146 3158; x_wconf 91' lang='lat' dir='ltr'>de</span> <span class='ocrx_word' id='word_1_328' title='bbox 2167 3108 2334 3176; x_wconf 85' lang='lat' dir='ltr'>Respi-</span> 
     </span>
     <span class='ocr_line' id='line_1_38' title="bbox 403 3172 2340 3246; baseline -0.002 -7"><span class='ocrx_word' id='word_1_329' title='bbox 403 3186 591 3239; x_wconf 84' lang='lat' dir='ltr'>ratione</span> <span class='ocrx_word' id='word_1_330' title='bbox 635 3198 675 3235; x_wconf 86' lang='lat' dir='ltr'>c.</span> <span class='ocrx_word' id='word_1_331' title='bbox 706 3197 784 3233; x_wconf 88' lang='lat'>10.</span> <span class='ocrx_word' id='word_1_332' title='bbox 821 3177 982 3235; x_wconf 84' lang='lat' dir='ltr'>solum</span> <span class='ocrx_word' id='word_1_333' title='bbox 1020 3175 1277 3245; x_wconf 86' lang='lat' dir='ltr'>cordylum</span> <span class='ocrx_word' id='word_1_334' title='bbox 1322 3172 1530 3246; x_wconf 81' lang='lat' dir='ltr'>pedibus</span> <span class='ocrx_word' id='word_1_335' title='bbox 1580 3173 1867 3234; x_wconf 56' lang='lat' dir='ltr'>instrudfflm</span> <span class='ocrx_word' id='word_1_336' title='bbox 1911 3175 2050 3234; x_wconf 73' lang='lat' dir='ltr'>simul</span> <span class='ocrx_word' id='word_1_337' title='bbox 2096 3178 2340 3235; x_wconf 84' lang='lat' dir='ltr'>branchiis</span> 
     </span>
    </p>
   </div>
   <div class='ocr_carea' id='block_1_5' title="bbox 2194 3257 2342 3327">
    <p class='ocr_par' dir='ltr' id='par_1_5' title="bbox 2194 3257 2342 3327">
     <span class='ocr_line' id='line_1_39' title="bbox 2194 3257 2342 3327; baseline 0.014 -19"><span class='ocrx_word' id='word_1_338' title='bbox 2194 3257 2342 3327; x_wconf 75' lang='lat' dir='ltr'>respi-</span> 
     </span>
    </p>
   </div>
  </div>
 </body>
</html>
