2571 3775
1156 339 1448 377 “·-·---
2169 340 2275 399 341‘

324 462 623 522 conjungitum
654 468 857 520 practerea
877 453 1059 500 laminae
1077 451 1142 499 seu
1164 453 1373 518 processus
1393 456 1564 519 palatini
1586 461 1784 507 maxillae
1807 458 2005 526 superiori
2030 464 2273 510 incumben-

334 544 394 576 tes
421 543 459 574 et
481 526 684 578 mobiles,
719 520 908 587 processu
940 525 1132 586 utrinque
1157 522 1525 572 lateralirdemisso
1556 525 1798 574 firmiffime
1836 533 2138 576 connectuntur
2171 549 2271 578 cum

340 596 513 646 maxilla
539 591 759 643 inferiore,
792 607 895 654 quae
914 588 1074 636 duobus
1094 589 1246 636 offibus
1275 595 1469 657 utrinque
1490 594 1724 658 composita
1747 615 1820 660 per
1841 614 1888 643 os
1915 599 2132 643 maxillare
2152 616 2273 644 com-

336 664 629 713 mune'cranio
649 661 846 722 jungitur.
916 661 975 704 Os
994 660 1079 703 hoc
1099 658 1321 705 maxillare
1356 678 1593 708 commune
1613 667 1766 726 percis,
1803 656 2013 728 cyprin'is⁷
2047 671 2213 728 congris
2232 680 2272 712 et

334 733 549 799 plurimis,
583 739 626 773 ut
645 739 770 790 puto,
799 721 972 788 piscibus
995 723 1228 781 familiare,
1265 727 1452 791 pluribus
1481 731 1663 793 partibus
1696 731 1949 797 laminisque
1977 732 2266 797 compositum

335 806 380 849 in
403 813 593 846 extremo
623 795 708 840 fine
738 792 789 840 ad
819 797 1009 839 cranium
1038 798 1297 859 putingente
1324 795 1428 843 duos
1456 797 1667 858 condylos
1698 801 1843 854 habet,
1872 818 2052 863 quorum
2090 804 2273 847 anterior

336 871 556 917 cavitatem
576 866 729 915 cranii,
763 861 864 907 alter
891 862 1077 925 operculi
1107 867 1234 917 intra,
1271 877 1391 929 atque
1420 869 1474 910 ita
1496 864 1624 912 fimul
1646 868 1816 914 maxilla
1834 866 2011 914 inferior
2031 887 2127 914 curn
2150 886 2271 931 oper·

336 936 434 985 culo
454 946 660 980 movetur.
710 934 759 976 In
780 934 910 994 percis
927 946 967 978 et
986 935 1171 995 cyprinis
1200 931 1294 978 offis
1313 933 1540 980 maxillaris
1564 953 1653 998 pars
1673 935 1841 987 media,
1869 936 1999 999 longa
2019 950 2058 982 et
2077 934 2270 983 robustis-

334 1005 442 1054 sima
471 1001 660 1048 canalem
690 995 1024 1045 muciferum-in
1062 999 1209 1046 medio
1242 997 1330 1046 offe
1365 1000 1625 1065 exsculptum
1647 1018 1687 1050 et
1708 1006 1866 1051 tec-”tum
1897 1006 2051 1058 habet,
2109 1023 2158 1051 ex
2182 1022 2267 1068 quo

332 1069 561 1121 retrorsum
582 1069 700 1132 plura
719 1064 934 1113 foramina
954 1083 1132 1113 mucum
1153 1072 1368 1126 emittunt3
1401 1073 1444 1115 in
1466 1075 1599 1134 percis
1618 1090 1709 1135 pars
1727 1075 1830 1118 haee
1851 1070 1991 1117 media
2011 1071 2156 1118 serrata
2169 1089 2268 1117 con-

332 1141 513 1206 spicitur.
583 1140 749 1181 Vomer
779 1138 823 1180 in
848 1138 980 1200 percis
1011 1149 1049 1180 et
1066 1140 1252 1199 cyprinis
1279 1135 1523 1201 conspicuus
1546 1157 1619 1202 per
1639 1153 1771 1186 totam
1793 1144 1923 1186 cranii
1948 1139 2062 1185 basin
2081 1143 2271 1193 excurrit,

332 1224 372 1256 et
392 1205 516 1253 facile
538 1202 709 1251 solvitur
729 1201 838 1249 inde.
906 1202 1081 1266 Reliqua
1116 1208 1258 1268 capitis
1287 1203 1374 1252 offa
1405 1210 1449 1252 in
1476 1210 1608 1271 percis
1639 1222 1677 1255 et
1706 1211 1893 1273 cyprinis
1921 1225 2010 1255 non
2033 1206 2172 1255 solum
2197 1226 2270 1254 nu-

331 1292 478 1327 mero,
514 1270 582 1319 sed
610 1276 738 1318 etiam
757 1268 899 1316 forma
917 1284 956 1317 et
973 1269 1047 1316 situ
1070 1269 1280 1319 differunt.

468 1340 759 1403 Osteologiam
781 1342 921 1402 capitis
944 1357 992 1385 ex
1015 1357 1135 1402 perca
1161 1340 1351 1388 fluviatili
1381 1341 1557 1388 breviter
1575 1346 1779 1389 enarravit
1797 1341 1954 1390 Artedi
1975 1341 2270 1405 Philosophiae

331 1409 603 1472 Ichthyolog.
625 1415 749 1472 p.·61.
777 1405 870 1452 edit.
894 1424 1030 1453 novae
1059 1426 1370 1473 numerumque
1400 1427 1552 1456 eorum
1583 1420 1638 1461 80
1673 1409 1830 1474 posuit3
1858 1430 1984 1476 quem
2005 1410 2055 1457 de
2075 1409 2270 1458 universo

329 1479 509 1546 piscium
537 1493 712 1540 genere,
742 1493 832 1521 non
863 1479 1083 1522 nominata
1111 1482 1154 1522 in
1175 1477 1373 1541 exemplo
1396 1495 1540 1542 perca,
1572 1492 1729 1525 temere
1763 1478 1899 1542 posuit
1930 1479 1996 1526 Cl.
2025 1478 2198 1539 Forster
2221 1482 2267 1524 in

329 1544 582 1597 Euchiridio
603 1543 746 1590 histor.
769 1543 940 1590 natural.
961 1562 1001 1607 p.
1025 1552 1092 1602 67.
1166 1548 1420 1610 Qanquam
1443 1565 1532 1592 non
1560 1546 1729 1594 inficior
1752 1551 1794 1593 in
1823 1550 2009 1611 cyprinis
2030 1544 2116 1592 offa
2135 1547 2268 1610 plera-

331 1635 410 1681 que
431 1613 578 1662 eadem
605 1614 799 1676 reperiri,
830 1609 973 1657 forma
1000 1626 1141 1659 tamen
1162 1614 1287 1676 paulo
1315 1612 1498 1668 diversa‚
1533 1628 1575 1660 ut
1604 1618 1647 1660 in
1680 1619 1828 1661 craniis
1862 1617 2032 1661 bramae
2060 1615 2204 1660 balleri
2226 1627 2266 1660 et

327 1684 440 1744 Jesae
465 1681 651 1746 adeoque
667 1678 795 1725 esocis
820 1679 919 1726 lucii
945 1679 1080 1726 video.
1151 1680 1362 1745 Equidem
1388 1687 1430 1727 in
1461 1686 1594 1746 percis
1626 1683 1810 1746 pluribus
1833 1683 2100 1730 fluviatilibus
2119 1685 2264 1745 capitis

328 1751 609 1813 osteologiam
634 1746 854 1800 scrutatus.,
887 1761 1125 1810 comparata
1144 1750 1298 1812 ubique
1316 1754 1462 1795 notitia
1485 1749 1710 1796 Artediana
1730 1749 1816 1796 offa
1840 1755 2023 1797 omnino
2043 1752 2264 1797 numeravi

327 1832 403 1880 93,
431 1817 553 1865 radiis
572 1831 713 1863 tamen
735 1815 1041 1861 branchialibus
1061 1815 1244 1870 onustis,
1276 1815 1390 1880 quod
1420 1815 1522 1862 feeit
1552 1821 1678 1864 etiam
1709 1819 1890 1873 Arretii,
1925 1822 1996 1883 qui
2024 1836 2193 1864 mecum
2215 1835 2263 1865 os

328 1886 508 1948 hyoides
531 1888 654 1931 etiam
674 1886 931 1936 numeravit,
964 1883 1076 1928 male
1094 1896 1238 1929 tamen
1266 1883 1427 1930 omiffis
1455 1886 1650 1931 cornibus
1680 1889 1776 1933 eius.
1845 1889 2096 1934 Nominavit
2124 1890 2154 1931 is
2177 1886 2262 1949 ple-

327 1974 454 2021 raque
477 1973 499 2001 a
519 1952 620 2007 fitu,
651 1969 729 1998 nec
747 1968 845 1996 cum
875 1950 1138 2013 reliquorum
1172 1952 1425 1998 animalium
1457 1951 1607 1998 offibus
1629 1957 1909 2018 coniparavit3
1944 1972 2068 2018 quare
2088 1954 2261 2008 difficile

327 2026 384 2071 est
405 2042 454 2070 ex
475 2024 620 2068 notitia
641 2023 724 2065 eius
742 2017 902 2082 singula
923 2016 1010 2064 ossa
1041 2016 1290 2082 agnoscere3
1324 2018 1461 2065 multo
1481 2023 1619 2065 minus
1650 2026 1777 2067 etiam
1797 2035 1966 2068 motum
1989 2022 2261 2068 maxillarum

330 2090 600 2154 operculique
617 2088 713 2133 licet
732 2085 828 2132 inde
848 2086 1093 2151 intelligere.
1165 2090 1302 2152 Qare
1330 2085 1642 2150 diligentiffime
1661 2107 1807 2152 percae
1825 2089 2031 2137 fluviatilis
2053 2104 2187 2153 caput,
2221 2101 2263 2135 et

330 2150 493 2224 singula
512 2154 668 2219 ‘deinde
686 2158 769 2201 eius
798 2152 885 2201 offa
908 2158 1048 2218 pinxi3
1088 2172 1216 2219 quarn
1242 2157 1450 2219 picturam
1481 2152 1591 2201 forte
1616 2156 1715 2202 alibi
1748 2177 1846 2204 cum
1874 2158 2032 2205 lectore
2064 2175 2261 2203 commu·

330 2229 494 2276 nicabo.
561 2228 690 2271 Pauca
721 2225 789 2269 hic
814 2221 996 2268 delibare
1026 2240 1075 2269 ex
1104 2226 1249 2269 notitia
1277 2221 1501 2269 Artediana
1531 2222 1671 2277 lubet,
1721 2243 1823 2289 quae
1855 2224 2083 2272 muciferos
2114 2225 2260 2272 ductus

333 2295 531 2360 spectant.
559 2289 657 2340 Ossa
678 2290 1060 2355 hypophthalmiea
1079 2295 1203 2355 quina
1214 2295 1406 2355 utrinque
1418 2295 1613 2338 nominat
1624 2293 1785 2339 Artedi
1794 2310 1811 2346 ;
1846 2312 1990 2341 verum
2012 2312 2089 2339 nec
2108 2310 2260 2339 eorum

328 2364 453 2412 fitam
474 2380 551 2408 nec
571 2359 691 2407 usum
714 2363 937 2406 annotavit.
1008 2361 1121 2405 Prius
1146 2363 1271 2423 igitur
1292 2363 1507 2423 trigonum
1530 2372 1651 2406 tenue
1674 2379 1770 2408 cum
1792 2361 1942 2408 ollibus
1960 2361 2161 2409 nasalibus
2187 2376 2260 2423 per

329 2428 588 2480 enarthrofin
609 2430 800 2489 junctum
822 2431 1038 2473 cavitatem
1058 2424 1238 2473 nasalem
1261 2445 1284 2472 a
1301 2427 1426 2473 latere
1447 2426 1821 2495 clauditsimulque
1840 2431 1997 2476 orbitae
2016 2434 2257 2493 marginem

329 2504 583 2547 anteriorem
603 2496 742 2543 efficit.
812 2496 982 2541 Can-alis
1004 2499 1048 2540 in
1065 2511 1116 2541 eo
1135 2492 1268 2541 osseus
1290 2514 1318 2551 4
1337 2508 1405 2541 aut
1424 2512 1446 2549 ς
1469 2493 1750 2544 foraminibus
1771 2512 1888 2561 patet.
1928 2499 2068 2546 Postea
2082 2496 2255 2562 sequun-

329 2584 395 2616 tur
423 2580 617 2633 quaterna
645 2567 838 2628 utrinque
864 2561 950 2609 offa
977 2563 1179 2609 tubularia
1208 2563 1458 2609 membrana
1495 2563 1678 2610 colorata
1715 2569 1896 2612 invicem
1928 2584 2115 2612 connexa
2145 2579 2184 2611 et
2213 2569 2258 2611 in

333 2635 538 2700 segmenti
570 2632 778 2679 circularis
806 2628 999 2679 formam
1028 2628 1254 2694 disposita,
1309 2649 1412 2696 quae
1449 2632 1606 2678 orbitae
1644 2637 1884 2697 marginem
1926 2632 2174 2681 inferiorem
2218 2645 2259 2679 et

328 2704 607 2770 posteriorem
632 2700 833 2747 efficiunt.
899 2702 1085 2746 Mucum
1107 2702 1208 2745 haec
1226 2703 1436 2762 excipiunt
1455 2700 1504 2744 ab
1528 2697 1614 2745 offe
1634 2702 1808 2747 tubulari
1830 2707 1999 2765 trigono
2022 2706 2063 2747 in
2086 2705 2258 2748 cavitate

326 2773 462 2837 aliqua
491 2773 620 2816 cranii
651 2769 742 2832 post
771 2768 953 2814 orbitam
986 2764 1076 2812 fito.
1165 2769 1328 2813 Cavitas
1356 2769 1458 2812 haec
1487 2764 1582 2813 fons
1611 2773 1722 2814 muci
1755 2773 1897 2816 omnis
1926 2768 2112 2820 videtur,
2170 2785 2258 2832 quo

327 2858 505 2903 corpora
538 2835 715 2901 piscium
744 2836 1012 2881 lubricantur.
1090 2836 1283 2880 Excurrit
1313 2837 1412 2880 haec
1441 2839 1632 2898 utrinque
1652 2854 1725 2899 per
1746 2837 1871 2884 latera
1895 2842 2022 2883 cranii
2049 2842 2155 2897 juxta
2185 2854 2255 2882 oc·

327 2912 440 2972 ciput
462 2911 505 2952 in
526 2904 657 2951 canali
684 2905 816 2966 longo
838 2900 954 2948 osseo
972 2914 1114 2965 aperto
1134 2916 1173 2948 et
1185 2916 1276 2948 cute
1295 2905 1419 2949 tecto.
1493 2905 1538 2948 In
1554 2908 1758 2950 anteriore
1779 2920 1891 2969 parte
1915 2909 2056 2951 itinere
2077 2906 2253 2969 obliquo

325 2977 685 3023 communionem
712 2972 832 3016 habet
859 2989 955 3016 cum
987 2971 1196 3016 canalibus
1225 2969 1382 3016 duobus
1421 2973 1616 3034 utrinque
1653 2971 1773 3019 osseis
1806 2991 1878 3036 per
1909 2971 1994 3019 ossa
2023 2972 2171 3020 frontis
2201 2971 2254 3018 ad

325 3062 441 3092 nares
470 3040 797 3092 excurrentibus,
853 3055 1036 3103 quorum
1074 3042 1246 3084 interior
1275 3038 1448 3102 longior
1475 3053 1658 3086 externo.
1730 3041 1827 3086 Alio
1854 3045 2000 3088 itinere
2025 3040 2253 3090 transverso

321 3116 468 3162 cavitas
486 3114 589 3160 haec
611 3125 791 3156 mucum
814 3109 860 3154 in
881 3105 1029 3155 medio
1048 3111 1202 3167 ,cr-anio
1223 3110 1384 3152 emittit.
1453 3110 1492 3153 A
1509 3107 1642 3156 canali
1665 3110 1875 3174 occipitali
1895 3109 2031 3176 longo
2051 3109 2165 3159 offeo
2185 3127 2253 3157 ex·

524 3195 529 3202 ·
1249 3178 1291 3222 U
1308 3192 1334 3220 u
1366 3190 1388 3235 3
2151 3182 2252 3244 cipit
