2571 3775
1993 338 2102 404 '127

227 467 365 524 Hufo
385 464 547 523 Exox
564 461 828 534 appellatur
839 461 861 520 3'
901 456 1108 512 alterum
1129 476 1256 512 vero
1285 476 1471 512 nomen
1501 460 1554 511 in
1581 454 1852 515 Vincentio
1884 480 1985 518 non
2016 469 2102 534 ap-

228 559 377 616 paret.
452 540 653 591 Videtur
693 531 841 603 igitur
868 531 1174 587 vocabulum
1208 529 1356 605 Huso
1395 537 1641 601 originem
1675 533 1854 587 debere
1883 538 2102 593 dialectis

227 610 691 688 stptentrionalibus.
766 605 941 679 Husen
965 607 1648 676 exgermanicodocumento
1668 606 2098 681 laudathmgius;

226 697 279 746 in
302 690 497 744 Chattis
521 689 882 753 Imperatorum
903 682 1124 736 Conradi
1148 694 1197 734 et
1220 683 1427 734 Heu-rici
1448 699 1510 734 ex
1530 685 1678 737 initio*
1704 681 1854 734 seculi
1879 687 1961 735 XI.
1994 702 2102 737 me-

225 775 483 819 morantur
516 759 765 812 hulbnum
803 758 1033 810 stationes
1080 754 1211 825 apud
1255 752 1514 826 >Gangium
1559 755 1648 808 sub
1692 774 1820 810 voce
1865 757 2101 825 gifcellus.

225 833 737 904 Magnum.hust)nem
765 832 846 884 seu
876 832 1073 884 esocem
1091 829 1245 897 vulgo
1270 825 1614 902 Chlolffhmffen
1637 829 1841 893 dicium,
1865 850 1926 884 ex
1945 832 2106 886 docu-

226 925 401 981 mento
428 909 717 961 Monasterii
743 903 1037 960 Mellicenfis
1074 909 1126 957 in
1153 907 1347 958 Austria
1368 907 1483 956 anni
1524 923 1540 955 1
1558 922 1674 969 337.
1704 920 1949 958 memorat
1975 901 2107 961 Fri-

209 982 392 1059 fihius
419 982 504 1036 sub
541 999 668 1035 voce
699 977 945 1053 blahasam
1006 980 1088 1034 fed
1126 979 1188 1032 de
1219 975 1524 1047 etymologia
1559 982 1700 1033 vocis
1724 978 1909 1033 nullam
1943 985 2104 1052 reperi

222 1057 534 1132 probabilem
563 1059 866 1127 opinionem.

371 1129 640 1186 Marionis
666 1148 852 1183 nomen
882 1131 937 1180 in
971 1122 1148 1181 Plinio
1180 1123 1264 1183 etfi
1301 1139 1382 1179 aut
1417 1124 1609 1178 nullum
1647 1134 1730 1179 aut'
1774 1125 1982 1180 dubium
2017 1129 2103 1192 est,

222 1205 346 1262 illud
364 1220 530 1259 tamen
555 1225 616 1258 ex
637 1208 789 1258 totius·
806 1204 1045 1258 orationis
1064 1201 1185 1254 serie
1216 1199 1522 1254 manifestum
1544 1202 1611 1253 est
1639 1201 1701 1253 de
1719 1219 1900 1269 genere
1929 1204 2104 1257 sturio-

221 1298 348 1335 num
396 1279 535 1351 loqui-
561 1277 818 1341 Plinium,
877 1276 1103 1348 adeoque
1144 1274 1292 1330 etiam
1323 1273 1556 1328 Danubio
1586 1274 1795 1344 speciem
1836 1274 2049 1350 aliquam
2077 1295 2106 1330 a

221 1355 410 1424 vulgari
437 1356 652 1407 sturione
685 1352 922 1406 divertam
950 1364 1243 1403 memorare.
1317 1352 1449 1401 Hinc
1469 1352 1614 1416 igitur
1632 1353 1777 1402 etiam
1797 1355 1972 1421 opinio
1994 1351 2114 1405 illo-2

220 1448 333 1483 rum
358 1431 703 1490 confirmatur,
739 1430 824 1498 qui
850 1431 1175 1487 Avraexaerov,
1209 1423 1551 1486 Ammonem,
1594 1441 1749 1495 quem
1778 1428 1959 1478 Graeci
1991 1427 2105 1479 scri-

221 1519 388 1575 ptores
412 1502 645 1557 Danubio
673 1500 920 1563 tribuunt,
953 1500 1209 1552 Husonem
1233 1499 1622 1568 interpretantur.
1699 1502 1763 1552 Ita
1785 1499 1847 1551 de
1867 1515 2115 1555 antacaeo-

222 1579 323 1631 Istri
342 1577 487 1632 refert
507 1574 730 1649 Sopater
750 1595 821 1646 ap.
843 1567 1147 1628 Athenaeum
1166 1575 1240 1624 III.
1263 1590 1309 1643 p.
1340 1592 1455 1638 119.
1518 1568 1758 1625 Aelianus
1787 1578 1913 1627 XIV.
1944 1593 1985 1627 c.
2018 1593 2108 1642 23.

221 1656 446 1725 inprimis
468 1670 586 1705 vero
609 1669 712 1720 cap.
737 1657 819 1703 26.
856 1648 938 1701 ubi
960 1648 1097 1719 plura
1122 1650 1171 1700 in
1191 1661 1309 1701 nota
1329 1667 1377 1717 p.
1397 1652 1524 1717 464.
1562 1650 1811 1699 annotavi.
2108 1711 2111 1713 ‚

369 1721 727 1798 Ichthyocolla.
765 1720 944 1778 Plim‘o
972 1727 1170 1775 XXXII.
1192 1740 1290 1791 cap.
1317 1741 1365 1784 7.
1399 1716 1664 1791 appellatur
1685 1721 1854 1790 piscis,
1894 1725 1972 1774 cui
1994 1720 2104 1790 glu-

219 1802 435 1856 tinosum
479 1802 547 1854 est
584 1802 778 1853 corium
791 1817 807 1860 3
867 1797 1107 1868 idemque
1138 1810 1328 1849 nomen
1354 1794 1544 1863 glutino
1585 1797 1704 1861 ejus.
1789 1799 1917 1865 Quia
1949 1800 2104 1852 etiam

219 1872 557 1947 Dioscorides
577 1878 649 1926 111.
672 1890 788 1925 102.
830 1890 893 1926 ex
931 1872 1058 1942 pisce
1091 1884 1293 1924 cetaceo
1332 1871 1440 1922 fieri
1472 1872 1829 1942 Pontica-mque
1859 1868 2106 1941 praeferre

222 1949 324 2004 aliis
345 1948 608 2018 generibus
633 1947 803 2010 tradit,
835 1965 954 2000 vero
985 1944 1148 2000 similis
1183 1946 1250 1998 est
1272 1947 1449 2015 opinio
1481 1936 1701 2007 eorum‚'
1741 1949 1826 2018 qui
1856 1946 2102 2016 acipense-

221 2043 334 2077 rum
356 2023 569 2094 aliquam
584 2023 794 2092 speciem
812 2024 1200 2091 interpretantur.
2002 2069 2005 2071 ,

370 2098 526 2151 Addo
549 2114 735 2149 nomen
755 2092 816 2148 ab
837 2091 1048 2147 Artedio
1072 2093 1302 2146 omiffum
1323 2089 1568 2147 Murum.
1600 2085 1836 2145 filbertus
1846 2094 1897 2144 Π.
1911 2111 1957 2162 p.
1974 2110 2044 2157 40
2056 2112 2100 2148 a.

222 2171 425 2244 quidam
447 2170 600 2241 pisces
623 2170 732 2222 sunt
750 2169 898 2239 asperi
924 2171 1072 2229 corii,
1109 2171 1172 2219 ita
1199 2168 1336 2238 quod
1369 2169 1517 2218 etiam
1549 2165 1739 2234 lignum
1766 2167 1959 2220 raditur
1975 2187 2098 2224 cum

220 2251 361 2300 corio
383 2264 585 2307 eorum,
619 2243 821 2315 quando
843 2241 1133 2303 exficcatur‚
1173 2240 1293 2294 ficut
1319 2241 1458 2310 piscis
1478 2244 1562 2312 qui
1595 2241 1773 2294 dicitur
1801 2242 1930 2310 apud
1959 2258 2098 2296 mare

216 2320 469 2376 Flandriae
506 2318 691 2372 Serohe
739 2320 795 2385 (i.
831 2334 873 2370 e.
911 2314 1154 2381 Seerobe)
1207 2314 1346 2386 quod
1386 2316 1455 2367 est
1495 2313 1713 2367 canicula
1746 2319 1956 2369 marina:
2010 2316 2102 2370 ali-⁴

220 2396 339 2468 quid
359 2399 507 2448 etiam
543 2391 636 2446 tale
664 2391 811 2445 habet
841 2407 1052 2444 murum
1082 2403 1130 2442 et
1145 2386 1345 2460 sturm,
1385 2402 1433 2441 et
1455 2406 1511 2442 ea
1549 2407 1676 2460 quae
1701 2393 1750 2441 in
1776 2392 1936 2444 rostro
1966 2388 2101 2443 fimi-

219 2471 279 2524 lia
313 2470 422 2521 sunt
444 2470 663 2521 sturioni.
736 2465 872 2518 Idem
894 2464 1008 2518 alibi
1026 2484 1072 2535 p.
1094 2476 1181 2530 48.
1200 2462 1246 2516 b.
1283 2462 1527 2531 glutinum
1551 2464 1606 2516 fit
1626 2483 1688 2518 ex
1706 2463 1870 2518 veficis
1891 2466 2102 2534 piscium

220 2547 482 2616 praecipue
501 2541 702 2595 busonis
729 2553 779 2593 et
802 2540 947 2610 piscis-
963 2543 1167 2600 marini,
1217 2541 1300 2609 qui
1333 2551 1540 2590 vocatur
1569 2556 1752 2592 murca.
1780 2586 1782 2588 ,
1827 2540 2005 2593 Nescio
2035 2558 2099 2594 an

222 2619 358 2673 idem
377 2616 431 2670 fit
447 2617 594 2688 piscis·
610 2619 693 2687 qui
716 2634 760 2685 p.
785 2632 904 2678 244.
925 2632 950 2667 a
977 2609 1204 2667 muroica
1236 2611 1443 2674 dicitur,-
1480 2614 1618 2675 cuius
1637 2613 1736 2667 offa
1757 2612 1908 2667 noctu
1932 2613 2101 2668 lucere

222 2694 467 2747 dicuntur.
502 2688 577 2745 Cf.
600 2687 792 2760 Gesner
809 2689 908 2759 Aq.
931 2706 978 2758 p.
1002 2695 1095 2752 60,
1148 2691 1341 2757 Qarto
1362 2685 1480 2740 loco
1500 2684 1611 2740 libri
1624 2692 1721 2740 VII.
1746 2707 1793 2759 p.
1817 2686 1957 2748 81.b.
1978 2707 2099 2743 cum

217 2765 482 2822 macarello
502 2780 546 2819 et
568 2763 738 2835 lepore>
758 2766 904 2816 maris
928 2762 1458 2821 murucanomi11atur3
1500 2775 1547 2814 et
1568 2761 1781 2835 denique
1804 2782 1849 2833 p.
1876 2783 1920 2823 5.
1941 2761 1987 2815 b.

372 2836 590 2894 Attilus.
628 2834 837 2893 Plinius
859 2841 939 2889 IX.
966 2856 1007 2889 c.
1039 2857 1055 2889 1
1073 2857 1115 2900 5.
1153 2837 1217 2889 de
1233 2833 1441 2905 piscibus
1462 2835 1869 2905 praegrandibus:
1905 2835 2094 2890 Attilus

219 2919 271 2968 in
301 2915 459 2976 Pado,
512 2918 680 2967 inertia
709 2911 1053 2983 pinguescens,
1100 2911 1161 2963 ad
1183 2909 1325 2963 mille
1359 2908 1626 2982 aliquando
1654 2910 1826 2973 libras,
1867 2924 2096 2976 catenato

216 3005 388 3060 captus
406 2988 584 3049 hamo,
623 3006 715 3040 nec
735 2986 817 3042 nifi
836 2986 992 3040 boum
1010 2983 1416 3054 jugis—extractus.
1501 2986 1656 3057 Atqui
1687 2984 1821 3045 hunc
1845 2988 2093 3038 minimus

215 3066 353 3134 piscis
376 3061 642 3138 appellatus
663 3061 858 3132 clupea,
900 3078 1078 3114 venam
1099 3060 1344 3133 quandam
1367 3060 1469 3124 ejus
1489 3061 1536 3110 in
1557 3056 1779 3111 faucibus
1808 3063 1932 3111 mira
1952 3063 2092 3129 cupi-

210 3139 328 3198 dine
351 3151 588 3212 appetens
596 3174 616 3203 ,
663 3137 830 3195 morsu
861 3139 1120 3193 exanimat.
1215 3135 1365 3190 Hunc
1393 3133 1575 3205 piscem
1600 3129 1877 3189 Salvianus
1904 3133 2090 3261 accole?

1969 3212 2031 3263 Pa
2070 3212 2086 3262 i
