<?xml version="1.0" encoding="UTF-8"?>
<!DOCTYPE html PUBLIC "-//W3C//DTD XHTML 1.0 Transitional//EN"
    "http://www.w3.org/TR/xhtml1/DTD/xhtml1-transitional.dtd">
<html xmlns="http://www.w3.org/1999/xhtml" xml:lang="en" lang="en">
 <head>
  <title>
</title>
<meta http-equiv="Content-Type" content="text/html;charset=utf-8" />
  <meta name='ocr-system' content='tesseract 3.04.00' />
  <meta name='ocr-capabilities' content='ocr_page ocr_carea ocr_par ocr_line ocrx_word'/>
</head>
<body>
  <div class='ocr_page' id='page_1' title='image "./synonymiapiscium00arte_0271.png"; bbox 0 0 2571 3775; ppageno 0'>
   <div class='ocr_carea' id='block_1_1' title="bbox 223 365 2174 3074">
    <p class='ocr_par' dir='ltr' id='par_1_1' title="bbox 223 365 2174 3074">
     <span class='ocr_line' id='line_1_1' title="bbox 2017 365 2121 421; baseline 0.038 -4"><span class='ocrx_word' id='word_1_1' title='bbox 2017 365 2080 417; x_wconf 83' lang='lat'>25</span> <span class='ocrx_word' id='word_1_2' title='bbox 2089 370 2121 421; x_wconf 91' lang='lat'>9</span> 
     </span>
     <span class='ocr_line' id='line_1_2' title="bbox 243 474 2119 550; baseline 0.003 -18"><span class='ocrx_word' id='word_1_3' title='bbox 243 478 447 544; x_wconf 74' lang='lat' dir='ltr'>fim&#39;ileS,</span> <span class='ocrx_word' id='word_1_4' title='bbox 506 481 589 535; x_wconf 86' lang='lat' dir='ltr'>sed</span> <span class='ocrx_word' id='word_1_5' title='bbox 630 479 775 550; x_wconf 81' lang='lat' dir='ltr'>triplo</span> <span class='ocrx_word' id='word_1_6' title='bbox 810 474 1085 546; x_wconf 71' lang='lat' dir='ltr'>longiores.</span> <span class='ocrx_word' id='word_1_7' title='bbox 1185 474 1384 529; x_wconf 85' lang='lat' dir='ltr'><strong>Deinde</strong></span> <span class='ocrx_word' id='word_1_8' title='bbox 1427 476 1566 530; x_wconf 82' lang='lat' dir='ltr'>addit</span> <span class='ocrx_word' id='word_1_9' title='bbox 1608 491 1833 547; x_wconf 81' lang='lat' dir='ltr'>capturae</span> <span class='ocrx_word' id='word_1_10' title='bbox 1862 483 2119 537; x_wconf 85' lang='lat' dir='ltr'>rationem.</span> 
     </span>
     <span class='ocr_line' id='line_1_3' title="bbox 243 550 2119 623; baseline 0.002 -16"><span class='ocrx_word' id='word_1_11' title='bbox 243 556 350 607; x_wconf 78' lang='lat' dir='ltr'>Effe</span> <span class='ocrx_word' id='word_1_12' title='bbox 382 556 570 608; x_wconf 89' lang='lat' dir='ltr'>animal·</span> <span class='ocrx_word' id='word_1_13' title='bbox 600 554 993 613; x_wconf 83' lang='lat' dir='ltr'>voraciffimum,</span> <span class='ocrx_word' id='word_1_14' title='bbox 1046 550 1184 623; x_wconf 92' lang='lat' dir='ltr'>quod</span> <span class='ocrx_word' id='word_1_15' title='bbox 1216 551 1622 621; x_wconf 80' lang='lat' dir='ltr'>segetem-campi</span> <span class='ocrx_word' id='word_1_16' title='bbox 1662 550 1800 605; x_wconf 88' lang='lat' dir='ltr'>facile</span> <span class='ocrx_word' id='word_1_17' title='bbox 1837 573 1931 608; x_wconf 89' lang='lat' dir='ltr'>una</span> <span class='ocrx_word' id='word_1_18' title='bbox 1965 574 2119 610; x_wconf 83' lang='lat' dir='ltr'>coena</span> 
     </span>
     <span class='ocr_line' id='line_1_4' title="bbox 244 624 2120 699; baseline 0.002 -19"><span class='ocrx_word' id='word_1_19' title='bbox 244 630 545 699; x_wconf 80' lang='lat' dir='ltr'>depascatur3</span> <span class='ocrx_word' id='word_1_20' title='bbox 599 647 660 680; x_wconf 86' lang='lat' dir='ltr'>ex</span> <span class='ocrx_word' id='word_1_21' title='bbox 691 644 754 680; x_wconf 93' lang='lat' dir='ltr'>eo</span> <span class='ocrx_word' id='word_1_22' title='bbox 783 630 833 679; x_wconf 90' lang='lat' dir='ltr'>in</span> <span class='ocrx_word' id='word_1_23' title='bbox 866 626 1053 679; x_wconf 87' lang='lat' dir='ltr'>infidias</span> <span class='ocrx_word' id='word_1_24' title='bbox 1083 625 1312 677; x_wconf 84' lang='lat' dir='ltr'><strong>incidere.</strong></span> <span class='ocrx_word' id='word_1_25' title='bbox 1428 624 1702 680; x_wconf 87' lang='lat' dir='ltr'>Observato</span> <span class='ocrx_word' id='word_1_26' title='bbox 1735 630 1867 678; x_wconf 88' lang='lat' dir='ltr'>enim</span> <span class='ocrx_word' id='word_1_27' title='bbox 1900 631 2002 693; x_wconf 89' lang='lat' dir='ltr'>ejus</span> <span class='ocrx_word' id='word_1_28' title='bbox 2034 649 2120 683; x_wconf 89' lang='lat' dir='ltr'>cu-</span> 
     </span>
     <span class='ocr_line' id='line_1_5' title="bbox 242 698 2121 769; baseline -0.001 -14"><span class='ocrx_word' id='word_1_29' title='bbox 242 702 331 755; x_wconf 88' lang='lat' dir='ltr'>bili</span> <span class='ocrx_word' id='word_1_30' title='bbox 357 701 526 756; x_wconf 70' lang='lat' dir='ltr'>fossam</span> <span class='ocrx_word' id='word_1_31' title='bbox 560 703 811 764; x_wconf 86' lang='lat' dir='ltr'>excavari,</span> <span class='ocrx_word' id='word_1_32' title='bbox 852 700 1092 754; x_wconf 90' lang='lat' dir='ltr'>arundine</span> <span class='ocrx_word' id='word_1_33' title='bbox 1121 713 1170 751; x_wconf 93' lang='lat' dir='ltr'>et</span> <span class='ocrx_word' id='word_1_34' title='bbox 1208 713 1333 752; x_wconf 84' lang='lat' dir='ltr'>terra</span> <span class='ocrx_word' id='word_1_35' title='bbox 1371 703 1642 769; x_wconf 82' lang='lat' dir='ltr'>cooperiri,</span> <span class='ocrx_word' id='word_1_36' title='bbox 1687 698 1897 765; x_wconf 65' lang='lat' dir='ltr'>subjeeta</span> <span class='ocrx_word' id='word_1_37' title='bbox 1926 703 2121 755; x_wconf 87' lang='lat' dir='ltr'>arundi-</span> 
     </span>
     <span class='ocr_line' id='line_1_6' title="bbox 242 772 2119 845; baseline -0.001 -15"><span class='ocrx_word' id='word_1_38' title='bbox 242 776 386 830; x_wconf 89' lang='lat' dir='ltr'>nibus</span> <span class='ocrx_word' id='word_1_39' title='bbox 413 794 559 829; x_wconf 85' lang='lat' dir='ltr'>cavea</span> <span class='ocrx_word' id='word_1_40' title='bbox 590 775 776 845; x_wconf 87' lang='lat' dir='ltr'>lignea,</span> <span class='ocrx_word' id='word_1_41' title='bbox 813 777 950 840; x_wconf 86' lang='lat' dir='ltr'>cujus</span> <span class='ocrx_word' id='word_1_42' title='bbox 966 772 1098 828; x_wconf 86' lang='lat' dir='ltr'>fores</span> <span class='ocrx_word' id='word_1_43' title='bbox 1118 777 1167 825; x_wconf 89' lang='lat' dir='ltr'>in</span> <span class='ocrx_word' id='word_1_44' title='bbox 1201 775 1448 843; x_wconf 85' lang='lat' dir='ltr'>superiore</span> <span class='ocrx_word' id='word_1_45' title='bbox 1479 788 1614 844; x_wconf 83' lang='lat' dir='ltr'>parte</span> <span class='ocrx_word' id='word_1_46' title='bbox 1642 774 1702 825; x_wconf 87' lang='lat' dir='ltr'>ad</span> <span class='ocrx_word' id='word_1_47' title='bbox 1732 772 1905 841; x_wconf 79' lang='lat' dir='ltr'>foveae</span> <span class='ocrx_word' id='word_1_48' title='bbox 1933 774 2119 829; x_wconf 61' lang='lat' dir='ltr'>tedium</span> 
     </span>
     <span class='ocr_line' id='line_1_7' title="bbox 242 849 2121 921; baseline -0.002 -15"><span class='ocrx_word' id='word_1_49' title='bbox 242 851 332 905; x_wconf 85' lang='lat' dir='ltr'>fint</span> <span class='ocrx_word' id='word_1_50' title='bbox 362 864 577 921; x_wconf 82' lang='lat' dir='ltr'>apertae,</span> <span class='ocrx_word' id='word_1_51' title='bbox 614 865 662 904; x_wconf 90' lang='lat' dir='ltr'>et</span> <span class='ocrx_word' id='word_1_52' title='bbox 682 849 896 903; x_wconf 83' lang='lat' dir='ltr'>belluam</span> <span class='ocrx_word' id='word_1_53' title='bbox 928 849 1240 904; x_wconf 79' lang='lat' dir='ltr'>decidentem</span> <span class='ocrx_word' id='word_1_54' title='bbox 1261 851 1514 917; x_wconf 82' lang='lat' dir='ltr'>excipiant.</span> <span class='ocrx_word' id='word_1_55' title='bbox 1599 853 1866 906; x_wconf 84' lang='lat' dir='ltr'>Venatores</span> <span class='ocrx_word' id='word_1_56' title='bbox 1900 862 2007 902; x_wconf 90' lang='lat' dir='ltr'>tum</span> <span class='ocrx_word' id='word_1_57' title='bbox 2041 868 2121 903; x_wconf 90' lang='lat' dir='ltr'>ac-</span> 
     </span>
     <span class='ocr_line' id='line_1_8' title="bbox 243 919 2174 996; baseline 0.001 -20"><span class='ocrx_word' id='word_1_58' title='bbox 243 942 470 989; x_wconf 79' lang='lat' dir='ltr'>currere,</span> <span class='ocrx_word' id='word_1_59' title='bbox 503 923 635 979; x_wconf 88' lang='lat' dir='ltr'>fores</span> <span class='ocrx_word' id='word_1_60' title='bbox 655 924 880 977; x_wconf 77' lang='lat' dir='ltr'>claudere</span> <span class='ocrx_word' id='word_1_61' title='bbox 903 938 951 977; x_wconf 90' lang='lat' dir='ltr'>et</span> <span class='ocrx_word' id='word_1_62' title='bbox 981 923 1213 994; x_wconf 79' lang='lat' dir='ltr'>praedam</span> <span class='ocrx_word' id='word_1_63' title='bbox 1241 936 1432 991; x_wconf 86' lang='lat' dir='ltr'>captam</span> <span class='ocrx_word' id='word_1_64' title='bbox 1465 919 1665 975; x_wconf 83' lang='lat' dir='ltr'>auferre.</span> <span class='ocrx_word' id='word_1_65' title='bbox 1776 926 1837 975; x_wconf 90' lang='lat' dir='ltr'>Vi</span> <span class='ocrx_word' id='word_1_66' title='bbox 1865 941 2121 996; x_wconf 88' lang='lat' dir='ltr'>nunquam</span> <span class='ocrx_word' id='word_1_67' title='bbox 2172 990 2174 992; x_wconf 10' lang='grc' dir='ltr'><strong>Υ</strong></span> 
     </span>
     <span class='ocr_line' id='line_1_9' title="bbox 242 995 2121 1069; baseline 0 -19"><span class='ocrx_word' id='word_1_68' title='bbox 242 997 506 1062; x_wconf 76' lang='lat' dir='ltr'>debellari3</span> <span class='ocrx_word' id='word_1_69' title='bbox 549 999 643 1052; x_wconf 80' lang='lat' dir='ltr'>effe</span> <span class='ocrx_word' id='word_1_70' title='bbox 680 1003 813 1052; x_wconf 84' lang='lat' dir='ltr'>enim</span> <span class='ocrx_word' id='word_1_71' title='bbox 840 1012 1030 1069; x_wconf 86' lang='lat' dir='ltr'>practer</span> <span class='ocrx_word' id='word_1_72' title='bbox 1055 995 1398 1051; x_wconf 87' lang='lat' dir='ltr'>fortitudinem</span> <span class='ocrx_word' id='word_1_73' title='bbox 1427 999 1658 1048; x_wconf 79' lang='lat' dir='ltr'>eximiam</span> <span class='ocrx_word' id='word_1_74' title='bbox 1689 999 1835 1048; x_wconf 89' lang='lat' dir='ltr'>etiam</span> <span class='ocrx_word' id='word_1_75' title='bbox 1864 1001 2006 1050; x_wconf 91' lang='lat' dir='ltr'>corio</span> <span class='ocrx_word' id='word_1_76' title='bbox 2036 998 2121 1051; x_wconf 89' lang='lat' dir='ltr'>ad·-</span> 
     </span>
     <span class='ocr_line' id='line_1_10' title="bbox 239 1067 2145 1147; baseline -0.002 -20"><span class='ocrx_word' id='word_1_77' title='bbox 239 1073 454 1127; x_wconf 83' lang='lat' dir='ltr'>modum</span> <span class='ocrx_word' id='word_1_78' title='bbox 474 1075 628 1136; x_wconf 91' lang='lat' dir='ltr'>duro,</span> <span class='ocrx_word' id='word_1_79' title='bbox 650 1087 719 1126; x_wconf 45' lang='lat' dir='ltr'>*ut</span> <span class='ocrx_word' id='word_1_80' title='bbox 737 1092 763 1126; x_wconf 89' lang='lat' dir='ltr'>a</span> <span class='ocrx_word' id='word_1_81' title='bbox 783 1071 916 1127; x_wconf 87' lang='lat' dir='ltr'>ferro</span> <span class='ocrx_word' id='word_1_82' title='bbox 938 1091 1041 1124; x_wconf 90' lang='lat' dir='ltr'>non</span> <span class='ocrx_word' id='word_1_83' title='bbox 1062 1070 1292 1122; x_wconf 82' lang='lat' dir='ltr'>laedatur.</span> <span class='ocrx_word' id='word_1_84' title='bbox 1333 1071 1553 1136; x_wconf 89' lang='lat' dir='ltr'>(Graece</span> <span class='ocrx_word' id='word_1_85' title='bbox 1575 1068 1750 1138; x_wconf 83' lang='lat' dir='ltr'>legitur</span> <span class='ocrx_word' id='word_1_86' title='bbox 1770 1067 1966 1147; x_wconf 61' lang='grc' dir='ltr'><em>τραχύ,</em></span> <span class='ocrx_word' id='word_1_87' title='bbox 1990 1074 2122 1140; x_wconf 86' lang='lat' dir='ltr'>aspe-</span> <span class='ocrx_word' id='word_1_88' title='bbox 2142 1091 2145 1096; x_wconf 74' lang='grc'><strong><em>’</em></strong></span> 
     </span>
     <span class='ocr_line' id='line_1_11' title="bbox 241 1142 2121 1226; baseline -0.002 -25"><span class='ocrx_word' id='word_1_89' title='bbox 241 1164 381 1208; x_wconf 82' lang='lat' dir='ltr'>rum3</span> <span class='ocrx_word' id='word_1_90' title='bbox 431 1150 514 1202; x_wconf 91' lang='lat' dir='ltr'>sed</span> <span class='ocrx_word' id='word_1_91' title='bbox 547 1144 708 1226; x_wconf 67' lang='grc' dir='ltr'>παχῦ</span> <span class='ocrx_word' id='word_1_92' title='bbox 738 1146 1002 1216; x_wconf 85' lang='lat' dir='ltr'>legendum</span> <span class='ocrx_word' id='word_1_93' title='bbox 1038 1158 1189 1215; x_wconf 71' lang='lat' dir='ltr'>puto,</span> <span class='ocrx_word' id='word_1_94' title='bbox 1245 1161 1371 1216; x_wconf 89' lang='lat' dir='ltr'>quae</span> <span class='ocrx_word' id='word_1_95' title='bbox 1394 1161 1541 1197; x_wconf 76' lang='lat' dir='ltr'>voces</span> <span class='ocrx_word' id='word_1_96' title='bbox 1571 1147 1621 1195; x_wconf 91' lang='lat' dir='ltr'>in</span> <span class='ocrx_word' id='word_1_97' title='bbox 1652 1142 1784 1196; x_wconf 88' lang='lat' dir='ltr'>libris</span> <span class='ocrx_word' id='word_1_98' title='bbox 1813 1146 1996 1214; x_wconf 89' lang='lat' dir='ltr'>scriptis</span> <span class='ocrx_word' id='word_1_99' title='bbox 2023 1146 2121 1198; x_wconf 88' lang='lat' dir='ltr'>sae-</span> 
     </span>
     <span class='ocr_line' id='line_1_12' title="bbox 241 1216 2119 1293; baseline 0 -20"><span class='ocrx_word' id='word_1_100' title='bbox 241 1222 435 1290; x_wconf 85' lang='lat' dir='ltr'>piffime</span> <span class='ocrx_word' id='word_1_101' title='bbox 456 1236 763 1293; x_wconf 79' lang='lat' dir='ltr'>permutatae</span> <span class='ocrx_word' id='word_1_102' title='bbox 783 1220 1149 1291; x_wconf 67' lang='lat' dir='ltr'>reperiuntur.)</span> <span class='ocrx_word' id='word_1_103' title='bbox 1187 1219 1337 1271; x_wconf 87' lang='lat' dir='ltr'>Vides</span> <span class='ocrx_word' id='word_1_104' title='bbox 1360 1221 1505 1286; x_wconf 84' lang='lat' dir='ltr'>igitur</span> <span class='ocrx_word' id='word_1_105' title='bbox 1524 1217 1605 1270; x_wconf 91' lang='lat' dir='ltr'>hic</span> <span class='ocrx_word' id='word_1_106' title='bbox 1617 1222 1731 1288; x_wconf 89' lang='lat' dir='ltr'>equi</span> <span class='ocrx_word' id='word_1_107' title='bbox 1752 1216 2119 1273; x_wconf 75' lang='lat' dir='ltr'>similitudinem</span> 
     </span>
     <span class='ocr_line' id='line_1_13' title="bbox 239 1290 2119 1366; baseline 0 -20"><span class='ocrx_word' id='word_1_108' title='bbox 239 1294 337 1349; x_wconf 86' lang='lat' dir='ltr'>effe</span> <span class='ocrx_word' id='word_1_109' title='bbox 377 1297 437 1349; x_wconf 88' lang='lat' dir='ltr'>ad</span> <span class='ocrx_word' id='word_1_110' title='bbox 466 1311 689 1351; x_wconf 86' lang='lat' dir='ltr'>ventrem</span> <span class='ocrx_word' id='word_1_111' title='bbox 731 1310 780 1349; x_wconf 91' lang='lat' dir='ltr'>et</span> <span class='ocrx_word' id='word_1_112' title='bbox 816 1295 965 1366; x_wconf 86' lang='lat' dir='ltr'>pedes</span> <span class='ocrx_word' id='word_1_113' title='bbox 1007 1292 1312 1351; x_wconf 70' lang='lat' dir='ltr'>translatatm</span> <span class='ocrx_word' id='word_1_114' title='bbox 1381 1290 1563 1343; x_wconf 83' lang='lat' dir='ltr'>nullam</span> <span class='ocrx_word' id='word_1_115' title='bbox 1600 1291 1743 1357; x_wconf 81' lang='lat' dir='ltr'>jubae</span> <span class='ocrx_word' id='word_1_116' title='bbox 1784 1295 1994 1363; x_wconf 85' lang='lat' dir='ltr'>equinae</span> <span class='ocrx_word' id='word_1_117' title='bbox 2037 1307 2119 1346; x_wconf 89' lang='lat' dir='ltr'>aut</span> 
     </span>
     <span class='ocr_line' id='line_1_14' title="bbox 239 1365 2142 1438; baseline 0.001 -19"><span class='ocrx_word' id='word_1_118' title='bbox 239 1367 459 1424; x_wconf 89' lang='lat' dir='ltr'>hinnitus</span> <span class='ocrx_word' id='word_1_119' title='bbox 482 1375 795 1424; x_wconf 86' lang='lat' dir='ltr'>mentionem</span> <span class='ocrx_word' id='word_1_120' title='bbox 825 1371 961 1431; x_wconf 89' lang='lat' dir='ltr'>fieri,</span> <span class='ocrx_word' id='word_1_121' title='bbox 993 1368 1197 1421; x_wconf 87' lang='lat' dir='ltr'>caudam</span> <span class='ocrx_word' id='word_1_122' title='bbox 1221 1365 1423 1418; x_wconf 87' lang='lat' dir='ltr'>brevem</span> <span class='ocrx_word' id='word_1_123' title='bbox 1447 1379 1496 1418; x_wconf 90' lang='lat' dir='ltr'>et</span> <span class='ocrx_word' id='word_1_124' title='bbox 1517 1365 1730 1435; x_wconf 88' lang='lat' dir='ltr'>depilem</span> <span class='ocrx_word' id='word_1_125' title='bbox 1745 1403 1759 1428; x_wconf 95' lang='lat'>,</span> <span class='ocrx_word' id='word_1_126' title='bbox 1800 1380 1848 1418; x_wconf 82' lang='lat' dir='ltr'>et</span> <span class='ocrx_word' id='word_1_127' title='bbox 1872 1366 2119 1438; x_wconf 88' lang='lat' dir='ltr'>reliquum</span> <span class='ocrx_word' id='word_1_128' title='bbox 2140 1386 2142 1390; x_wconf 91' lang='lat'>·</span> 
     </span>
     <span class='ocr_line' id='line_1_15' title="bbox 240 1435 2118 1516; baseline -0.002 -18"><span class='ocrx_word' id='word_1_129' title='bbox 240 1449 391 1498; x_wconf 88' lang='lat' dir='ltr'>etiam</span> <span class='ocrx_word' id='word_1_130' title='bbox 425 1464 604 1516; x_wconf 91' lang='lat' dir='ltr'>corpus</span> <span class='ocrx_word' id='word_1_131' title='bbox 631 1463 785 1499; x_wconf 88' lang='lat' dir='ltr'>omne</span> <span class='ocrx_word' id='word_1_132' title='bbox 812 1442 972 1515; x_wconf 86' lang='lat' dir='ltr'>depile</span> <span class='ocrx_word' id='word_1_133' title='bbox 1003 1442 1150 1503; x_wconf 91' lang='lat' dir='ltr'>tradi,</span> <span class='ocrx_word' id='word_1_134' title='bbox 1186 1460 1303 1493; x_wconf 90' lang='lat' dir='ltr'>cum</span> <span class='ocrx_word' id='word_1_135' title='bbox 1333 1435 1545 1493; x_wconf 80' lang='lat' dir='ltr'>Plinius</span> <span class='ocrx_word' id='word_1_136' title='bbox 1575 1439 1684 1510; x_wconf 90' lang='lat' dir='ltr'>pilis</span> <span class='ocrx_word' id='word_1_137' title='bbox 1714 1438 1899 1494; x_wconf 62' lang='lat' dir='ltr'>tefium</span> <span class='ocrx_word' id='word_1_138' title='bbox 1930 1455 2118 1495; x_wconf 87' lang='lat' dir='ltr'>temere</span> 
     </span>
     <span class='ocr_line' id='line_1_16' title="bbox 238 1513 2117 1592; baseline -0.002 -20"><span class='ocrx_word' id='word_1_139' title='bbox 238 1521 465 1590; x_wconf 85' lang='lat' dir='ltr'>posuerit.</span> <span class='ocrx_word' id='word_1_140' title='bbox 541 1520 636 1572; x_wconf 87' lang='lat' dir='ltr'>Sed</span> <span class='ocrx_word' id='word_1_141' title='bbox 658 1519 842 1592; x_wconf 86' lang='lat' dir='ltr'>reliqua</span> <span class='ocrx_word' id='word_1_142' title='bbox 871 1521 1073 1571; x_wconf 91' lang='lat' dir='ltr'>notitiae</span> <span class='ocrx_word' id='word_1_143' title='bbox 1105 1514 1378 1585; x_wconf 85' lang='lat' dir='ltr'>praeclarae</span> <span class='ocrx_word' id='word_1_144' title='bbox 1407 1528 1692 1581; x_wconf 83' lang='lat' dir='ltr'>argumenta</span> <span class='ocrx_word' id='word_1_145' title='bbox 1723 1513 1870 1585; x_wconf 89' lang='lat' dir='ltr'>paulo</span> <span class='ocrx_word' id='word_1_146' title='bbox 1892 1518 2000 1584; x_wconf 92' lang='lat' dir='ltr'>post</span> <span class='ocrx_word' id='word_1_147' title='bbox 2031 1535 2117 1569; x_wconf 85' lang='lat' dir='ltr'>co-</span> 
     </span>
     <span class='ocr_line' id='line_1_17' title="bbox 236 1587 2116 1664; baseline -0.002 -18"><span class='ocrx_word' id='word_1_148' title='bbox 236 1593 419 1664; x_wconf 87' lang='lat' dir='ltr'>piofius</span> <span class='ocrx_word' id='word_1_149' title='bbox 452 1592 724 1663; x_wconf 84' lang='lat' dir='ltr'>explicabo.</span> <span class='ocrx_word' id='word_1_150' title='bbox 830 1595 1069 1646; x_wconf 89' lang='lat' dir='ltr'>Notitiam</span> <span class='ocrx_word' id='word_1_151' title='bbox 1098 1590 1250 1659; x_wconf 86' lang='lat' dir='ltr'>ipsam</span> <span class='ocrx_word' id='word_1_152' title='bbox 1281 1587 1477 1641; x_wconf 87' lang='lat' dir='ltr'>aliunde</span> <span class='ocrx_word' id='word_1_153' title='bbox 1507 1606 1599 1641; x_wconf 91' lang='lat' dir='ltr'>nec</span> <span class='ocrx_word' id='word_1_154' title='bbox 1628 1607 1689 1641; x_wconf 88' lang='lat' dir='ltr'>ex</span> <span class='ocrx_word' id='word_1_155' title='bbox 1721 1587 1865 1658; x_wconf 88' lang='lat' dir='ltr'>ipfius</span> <span class='ocrx_word' id='word_1_156' title='bbox 1895 1589 2116 1643; x_wconf 83' lang='lat' dir='ltr'>animalis</span> 
     </span>
     <span class='ocr_line' id='line_1_18' title="bbox 238 1662 2120 1735; baseline -0.002 -14"><span class='ocrx_word' id='word_1_157' title='bbox 238 1670 341 1721; x_wconf 84' lang='lat' dir='ltr'>visu</span> <span class='ocrx_word' id='word_1_158' title='bbox 372 1668 556 1720; x_wconf 84' lang='lat' dir='ltr'>duxiffe</span> <span class='ocrx_word' id='word_1_159' title='bbox 593 1665 643 1721; x_wconf 87' lang='lat' dir='ltr'><em>T</em></span> <span class='ocrx_word' id='word_1_160' title='bbox 636 1665 797 1721; x_wconf 75' lang='lat' dir='ltr'>atium</span> <span class='ocrx_word' id='word_1_161' title='bbox 829 1679 1041 1735; x_wconf 84' lang='lat' dir='ltr'>arguunt</span> <span class='ocrx_word' id='word_1_162' title='bbox 1075 1662 1223 1718; x_wconf 89' lang='lat' dir='ltr'>verba</span> <span class='ocrx_word' id='word_1_163' title='bbox 1253 1667 1303 1715; x_wconf 90' lang='lat' dir='ltr'>in</span> <span class='ocrx_word' id='word_1_164' title='bbox 1345 1663 1451 1732; x_wconf 90' lang='lat' dir='ltr'>ipso</span> <span class='ocrx_word' id='word_1_165' title='bbox 1489 1666 1726 1716; x_wconf 87' lang='lat' dir='ltr'>orationis</span> <span class='ocrx_word' id='word_1_166' title='bbox 1768 1666 1909 1716; x_wconf 87' lang='lat' dir='ltr'>initio</span> <span class='ocrx_word' id='word_1_167' title='bbox 1946 1663 2120 1734; x_wconf 78' lang='lat' dir='ltr'>posita:</span> 
     </span>
     <span class='ocr_line' id='line_1_19' title="bbox 236 1736 2119 1820; baseline -0.002 -26"><span class='ocrx_word' id='word_1_168' title='bbox 236 1743 306 1812; x_wconf 66' lang='grc' dir='ltr'>ὥς</span> <span class='ocrx_word' id='word_1_169' title='bbox 335 1743 361 1800; x_wconf 81' lang='grc' dir='ltr'>ὁ</span> <span class='ocrx_word' id='word_1_170' title='bbox 389 1737 550 1820; x_wconf 63' lang='grc' dir='ltr'><em>λόγος·</em></span> <span class='ocrx_word' id='word_1_171' title='bbox 580 1737 838 1814; x_wconf 58' lang='grc' dir='ltr'><em>βέλεα-σᾳ·</em></span> <span class='ocrx_word' id='word_1_172' title='bbox 885 1745 915 1793; x_wconf 92' lang='lat' dir='ltr'>i.</span> <span class='ocrx_word' id='word_1_173' title='bbox 948 1758 989 1793; x_wconf 89' lang='lat' dir='ltr'>e.</span> <span class='ocrx_word' id='word_1_174' title='bbox 1027 1742 1097 1790; x_wconf 90' lang='lat' dir='ltr'>uti</span> <span class='ocrx_word' id='word_1_175' title='bbox 1135 1751 1354 1798; x_wconf 84' lang='lat' dir='ltr'>narrant,</span> <span class='ocrx_word' id='word_1_176' title='bbox 1401 1736 1611 1789; x_wconf 86' lang='lat' dir='ltr'>tradunt.</span> <span class='ocrx_word' id='word_1_177' title='bbox 1738 1740 1880 1789; x_wconf 87' lang='lat' dir='ltr'>Hanc</span> <span class='ocrx_word' id='word_1_178' title='bbox 1909 1738 2119 1791; x_wconf 89' lang='lat' dir='ltr'>eandem</span> 
     </span>
     <span class='ocr_line' id='line_1_20' title="bbox 236 1807 2119 1883; baseline -0.003 -12"><span class='ocrx_word' id='word_1_179' title='bbox 236 1821 465 1871; x_wconf 83' lang='lat' dir='ltr'>notitiam</span> <span class='ocrx_word' id='word_1_180' title='bbox 493 1836 556 1869; x_wconf 85' lang='lat' dir='ltr'>ex</span> <span class='ocrx_word' id='word_1_181' title='bbox 603 1813 754 1869; x_wconf 56' lang='lat' dir='ltr'>Iasio</span> <span class='ocrx_word' id='word_1_182' title='bbox 784 1827 1069 1883; x_wconf 84' lang='lat' dir='ltr'>excerptam</span> <span class='ocrx_word' id='word_1_183' title='bbox 1100 1814 1236 1864; x_wconf 87' lang='lat' dir='ltr'>miris</span> <span class='ocrx_word' id='word_1_184' title='bbox 1265 1810 1430 1863; x_wconf 89' lang='lat' dir='ltr'>modis</span> <span class='ocrx_word' id='word_1_185' title='bbox 1460 1810 1772 1880; x_wconf 81' lang='lat' dir='ltr'>interpolavit</span> <span class='ocrx_word' id='word_1_186' title='bbox 1800 1807 2119 1881; x_wconf 64' lang='lat' dir='ltr'>Eusiathim‚</span> 
     </span>
     <span class='ocr_line' id='line_1_21' title="bbox 235 1883 2119 1953; baseline -0.005 -6"><span class='ocrx_word' id='word_1_187' title='bbox 235 1891 611 1952; x_wconf 77' lang='lat' dir='ltr'>Antiochenus,</span> <span class='ocrx_word' id='word_1_188' title='bbox 646 1893 1025 1942; x_wconf 80' lang='lat' dir='ltr'>inHexaemero</span> <span class='ocrx_word' id='word_1_189' title='bbox 1045 1885 1104 1938; x_wconf 89' lang='lat' dir='ltr'>ab</span> <span class='ocrx_word' id='word_1_190' title='bbox 1123 1883 1309 1939; x_wconf 88' lang='lat' dir='ltr'>Allatio</span> <span class='ocrx_word' id='word_1_191' title='bbox 1326 1884 1468 1937; x_wconf 86' lang='lat' dir='ltr'>edito</span> <span class='ocrx_word' id='word_1_192' title='bbox 1489 1902 1536 1953; x_wconf 92' lang='lat' dir='ltr'>p.</span> <span class='ocrx_word' id='word_1_193' title='bbox 1562 1902 1644 1936; x_wconf 81' lang='lat'>21.</span> <span class='ocrx_word' id='word_1_194' title='bbox 1685 1888 1823 1951; x_wconf 90' lang='lat' dir='ltr'>cujus</span> <span class='ocrx_word' id='word_1_195' title='bbox 1854 1884 2024 1938; x_wconf 88' lang='lat' dir='ltr'>locum</span> <span class='ocrx_word' id='word_1_196' title='bbox 2056 1904 2119 1939; x_wconf 84' lang='lat' dir='ltr'>ex</span> 
     </span>
     <span class='ocr_line' id='line_1_22' title="bbox 236 1958 2120 2032; baseline -0.003 -13"><span class='ocrx_word' id='word_1_197' title='bbox 236 1966 432 2020; x_wconf 84' lang='lat' dir='ltr'>Codice</span> <span class='ocrx_word' id='word_1_198' title='bbox 455 1964 786 2032; x_wconf 83' lang='lat' dir='ltr'>manuscripto</span> <span class='ocrx_word' id='word_1_199' title='bbox 817 1977 955 2014; x_wconf 87' lang='lat' dir='ltr'>antea</span> <span class='ocrx_word' id='word_1_200' title='bbox 975 1979 1080 2013; x_wconf 90' lang='lat' dir='ltr'>non</span> <span class='ocrx_word' id='word_1_201' title='bbox 1101 1959 1315 2020; x_wconf 87' lang='lat' dir='ltr'>editum,</span> <span class='ocrx_word' id='word_1_202' title='bbox 1355 1958 1436 2009; x_wconf 89' lang='lat' dir='ltr'>sed</span> <span class='ocrx_word' id='word_1_203' title='bbox 1461 1961 1626 2011; x_wconf 88' lang='lat' dir='ltr'>minus</span> <span class='ocrx_word' id='word_1_204' title='bbox 1646 1961 1916 2027; x_wconf 81' lang='lat' dir='ltr'>integrum,</span> <span class='ocrx_word' id='word_1_205' title='bbox 1955 1960 2120 2029; x_wconf 86' lang='lat' dir='ltr'>posuit</span> 
     </span>
     <span class='ocr_line' id='line_1_23' title="bbox 239 2029 2116 2110; baseline -0.004 -16"><span class='ocrx_word' id='word_1_206' title='bbox 239 2037 502 2110; x_wconf 72' lang='lat' dir='ltr'>Bulewger</span> <span class='ocrx_word' id='word_1_207' title='bbox 519 2042 569 2091; x_wconf 88' lang='lat' dir='ltr'>in</span> <span class='ocrx_word' id='word_1_208' title='bbox 591 2036 719 2090; x_wconf 88' lang='lat' dir='ltr'>libro</span> <span class='ocrx_word' id='word_1_209' title='bbox 751 2036 813 2089; x_wconf 89' lang='lat' dir='ltr'>de</span> <span class='ocrx_word' id='word_1_210' title='bbox 833 2038 984 2090; x_wconf 90' lang='lat' dir='ltr'>Circo</span> <span class='ocrx_word' id='word_1_211' title='bbox 1017 2051 1226 2088; x_wconf 86' lang='lat' dir='ltr'>romano</span> <span class='ocrx_word' id='word_1_212' title='bbox 1255 2047 1304 2085; x_wconf 89' lang='lat' dir='ltr'>et</span> <span class='ocrx_word' id='word_1_213' title='bbox 1324 2029 1449 2085; x_wconf 90' lang='lat' dir='ltr'>ludis</span> <span class='ocrx_word' id='word_1_214' title='bbox 1481 2032 1787 2086; x_wconf 76' lang='lat' dir='ltr'>Circensibus</span> <span class='ocrx_word' id='word_1_215' title='bbox 1819 2030 2116 2086; x_wconf 70' lang='lat' dir='ltr'>Graeviawo</span> 
     </span>
     <span class='ocr_line' id='line_1_24' title="bbox 238 2106 2138 2185; baseline -0.003 -18"><span class='ocrx_word' id='word_1_216' title='bbox 238 2118 582 2185; x_wconf 81' lang='lat' dir='ltr'>antiquitatum</span> <span class='ocrx_word' id='word_1_217' title='bbox 602 2129 919 2165; x_wconf 86' lang='lat' dir='ltr'>romanarum</span> <span class='ocrx_word' id='word_1_218' title='bbox 940 2110 1164 2162; x_wconf 70' lang='lat' dir='ltr'>thesauro</span> <span class='ocrx_word' id='word_1_219' title='bbox 1185 2107 1376 2159; x_wconf 88' lang='lat' dir='ltr'>inserto.</span> <span class='ocrx_word' id='word_1_220' title='bbox 1459 2106 1615 2174; x_wconf 80' lang='lat' dir='ltr'>Qod</span> <span class='ocrx_word' id='word_1_221' title='bbox 1635 2125 1751 2159; x_wconf 89' lang='lat' dir='ltr'>cum</span> <span class='ocrx_word' id='word_1_222' title='bbox 1773 2126 1875 2160; x_wconf 87' lang='lat' dir='ltr'>non</span> <span class='ocrx_word' id='word_1_223' title='bbox 1895 2107 2115 2161; x_wconf 86' lang='lat' dir='ltr'>animad-</span> <span class='ocrx_word' id='word_1_224' title='bbox 2135 2159 2138 2162; x_wconf 78' lang='grc'>,</span> 
     </span>
     <span class='ocr_line' id='line_1_25' title="bbox 239 2178 2115 2257; baseline -0.004 -14"><span class='ocrx_word' id='word_1_225' title='bbox 239 2188 450 2243; x_wconf 70' lang='lat' dir='ltr'>vertifl&#39;et</span> <span class='ocrx_word' id='word_1_226' title='bbox 470 2204 688 2256; x_wconf 84' lang='lat' dir='ltr'>nuperus</span> <span class='ocrx_word' id='word_1_227' title='bbox 710 2181 946 2257; x_wconf 68' lang='lat' dir='ltr'>Oppiani</span> <span class='ocrx_word' id='word_1_228' title='bbox 969 2183 1137 2237; x_wconf 86' lang='lat' dir='ltr'>Editor</span> <span class='ocrx_word' id='word_1_229' title='bbox 1166 2179 1362 2243; x_wconf 82' lang='lat' dir='ltr'>Gallus,</span> <span class='ocrx_word' id='word_1_230' title='bbox 1411 2184 1591 2233; x_wconf 88' lang='lat' dir='ltr'>iterum</span> <span class='ocrx_word' id='word_1_231' title='bbox 1626 2180 1769 2234; x_wconf 88' lang='lat' dir='ltr'>nobis</span> <span class='ocrx_word' id='word_1_232' title='bbox 1802 2181 1969 2235; x_wconf 91' lang='lat' dir='ltr'>locum</span> <span class='ocrx_word' id='word_1_233' title='bbox 2002 2178 2115 2236; x_wconf 79' lang='lat' dir='ltr'>Eu-</span> 
     </span>
     <span class='ocr_line' id='line_1_26' title="bbox 237 2251 2115 2328; baseline -0.003 -12"><span class='ocrx_word' id='word_1_234' title='bbox 237 2259 412 2321; x_wconf 68' lang='lat' dir='ltr'>ffatlziz&#39;</span> <span class='ocrx_word' id='word_1_235' title='bbox 435 2265 563 2314; x_wconf 85' lang='lat' dir='ltr'>varie</span> <span class='ocrx_word' id='word_1_236' title='bbox 584 2274 874 2328; x_wconf 86' lang='lat' dir='ltr'>corruptum</span> <span class='ocrx_word' id='word_1_237' title='bbox 908 2277 970 2310; x_wconf 84' lang='lat' dir='ltr'>ex</span> <span class='ocrx_word' id='word_1_238' title='bbox 996 2256 1118 2310; x_wconf 87' lang='lat' dir='ltr'>libro</span> <span class='ocrx_word' id='word_1_239' title='bbox 1138 2251 1450 2324; x_wconf 71' lang='lat' dir='ltr'>Bulewgeri,</span> <span class='ocrx_word' id='word_1_240' title='bbox 1498 2268 1731 2326; x_wconf 84' lang='lat' dir='ltr'>tanquam</span> <span class='ocrx_word' id='word_1_241' title='bbox 1762 2259 2013 2323; x_wconf 85' lang='lat' dir='ltr'>egregium</span> <span class='ocrx_word' id='word_1_242' title='bbox 2043 2260 2115 2311; x_wconf 83' lang='lat' dir='ltr'>in-</span> 
     </span>
     <span class='ocr_line' id='line_1_27' title="bbox 223 2323 2115 2400; baseline -0.007 -10"><span class='ocrx_word' id='word_1_243' title='bbox 223 2323 442 2390; x_wconf 69' lang='lat' dir='ltr'>uventum</span> <span class='ocrx_word' id='word_1_244' title='bbox 458 2373 473 2397; x_wconf 94' lang='lat'>,</span> <span class='ocrx_word' id='word_1_245' title='bbox 512 2335 762 2389; x_wconf 85' lang='lat' dir='ltr'>venditare</span> <span class='ocrx_word' id='word_1_246' title='bbox 780 2332 933 2386; x_wconf 84' lang='lat' dir='ltr'>voluit</span> <span class='ocrx_word' id='word_1_247' title='bbox 953 2333 1153 2384; x_wconf 84' lang='lat' dir='ltr'>innotis</span> <span class='ocrx_word' id='word_1_248' title='bbox 1179 2329 1240 2382; x_wconf 88' lang='lat' dir='ltr'>ad</span> <span class='ocrx_word' id='word_1_249' title='bbox 1266 2325 1566 2400; x_wconf 72' lang='lat' dir='ltr'>Oppianum</span> <span class='ocrx_word' id='word_1_250' title='bbox 1592 2347 1639 2399; x_wconf 91' lang='lat' dir='ltr'>p.</span> <span class='ocrx_word' id='word_1_251' title='bbox 1668 2347 1690 2391; x_wconf 85' lang='lat'>3</span> <span class='ocrx_word' id='word_1_252' title='bbox 1707 2348 1784 2393; x_wconf 79' lang='lat'>33.</span> <span class='ocrx_word' id='word_1_253' title='bbox 1872 2329 1965 2382; x_wconf 90' lang='lat' dir='ltr'>Sed</span> <span class='ocrx_word' id='word_1_254' title='bbox 1993 2348 2115 2400; x_wconf 81' lang='lat' dir='ltr'>ope-</span> 
     </span>
     <span class='ocr_line' id='line_1_28' title="bbox 236 2403 2116 2480; baseline -0.004 -16"><span class='ocrx_word' id='word_1_255' title='bbox 236 2430 318 2464; x_wconf 89' lang='lat' dir='ltr'>rae</span> <span class='ocrx_word' id='word_1_256' title='bbox 342 2413 408 2464; x_wconf 88' lang='lat' dir='ltr'>est</span> <span class='ocrx_word' id='word_1_257' title='bbox 426 2413 637 2480; x_wconf 87' lang='lat' dir='ltr'>pretium</span> <span class='ocrx_word' id='word_1_258' title='bbox 655 2445 670 2469; x_wconf 89' lang='lat'>,</span> <span class='ocrx_word' id='word_1_259' title='bbox 704 2406 910 2475; x_wconf 80' lang='lat' dir='ltr'>fingulas</span> <span class='ocrx_word' id='word_1_260' title='bbox 939 2409 1191 2457; x_wconf 83' lang='lat' dir='ltr'>varietates</span> <span class='ocrx_word' id='word_1_261' title='bbox 1220 2407 1498 2474; x_wconf 83' lang='lat' dir='ltr'>inquirere,</span> <span class='ocrx_word' id='word_1_262' title='bbox 1536 2417 1588 2455; x_wconf 89' lang='lat' dir='ltr'>ut</span> <span class='ocrx_word' id='word_1_263' title='bbox 1621 2422 1724 2456; x_wconf 88' lang='lat' dir='ltr'>uno</span> <span class='ocrx_word' id='word_1_264' title='bbox 1761 2422 1922 2476; x_wconf 89' lang='lat' dir='ltr'>eoque</span> <span class='ocrx_word' id='word_1_265' title='bbox 1947 2403 2116 2472; x_wconf 81' lang='lat' dir='ltr'>insigni</span> 
     </span>
     <span class='ocr_line' id='line_1_29' title="bbox 237 2475 2116 2554; baseline -0.004 -15"><span class='ocrx_word' id='word_1_266' title='bbox 237 2484 469 2554; x_wconf 83' lang='lat' dir='ltr'>exemplo</span> <span class='ocrx_word' id='word_1_267' title='bbox 492 2485 705 2543; x_wconf 86' lang='lat' dir='ltr'>constet,</span> <span class='ocrx_word' id='word_1_268' title='bbox 728 2500 876 2551; x_wconf 80' lang='lat' dir='ltr'>quam</span> <span class='ocrx_word' id='word_1_269' title='bbox 895 2482 1096 2548; x_wconf 85' lang='lat' dir='ltr'>turpiter</span> <span class='ocrx_word' id='word_1_270' title='bbox 1120 2476 1230 2547; x_wconf 89' lang='lat' dir='ltr'>lapfi</span> <span class='ocrx_word' id='word_1_271' title='bbox 1246 2475 1333 2529; x_wconf 86' lang='lat' dir='ltr'>fint</span> <span class='ocrx_word' id='word_1_272' title='bbox 1351 2477 1608 2547; x_wconf 88' lang='lat' dir='ltr'>scriptores</span> <span class='ocrx_word' id='word_1_273' title='bbox 1628 2476 1852 2549; x_wconf 87' lang='lat' dir='ltr'>plerique</span> <span class='ocrx_word' id='word_1_274' title='bbox 1876 2477 2116 2532; x_wconf 83' lang='lat' dir='ltr'>christiani</span> 
     </span>
     <span class='ocr_line' id='line_1_30' title="bbox 236 2550 2116 2629; baseline -0.003 -17"><span class='ocrx_word' id='word_1_275' title='bbox 236 2564 429 2629; x_wconf 81' lang='lat' dir='ltr'>graeci,</span> <span class='ocrx_word' id='word_1_276' title='bbox 468 2577 584 2610; x_wconf 91' lang='lat' dir='ltr'>cum</span> <span class='ocrx_word' id='word_1_277' title='bbox 603 2573 897 2624; x_wconf 75' lang='lat' dir='ltr'>graecorum</span> <span class='ocrx_word' id='word_1_278' title='bbox 916 2551 1171 2620; x_wconf 78' lang='lat' dir='ltr'>gentilium</span> <span class='ocrx_word' id='word_1_279' title='bbox 1193 2550 1340 2603; x_wconf 79' lang='lat' dir='ltr'>libros</span> <span class='ocrx_word' id='word_1_280' title='bbox 1369 2565 1716 2621; x_wconf 80' lang='lat' dir='ltr'>excerperent,</span> <span class='ocrx_word' id='word_1_281' title='bbox 1763 2553 1859 2622; x_wconf 82' lang='lat' dir='ltr'>ipsa</span> <span class='ocrx_word' id='word_1_282' title='bbox 1889 2571 2008 2606; x_wconf 89' lang='lat' dir='ltr'>vcro</span> <span class='ocrx_word' id='word_1_283' title='bbox 2039 2573 2116 2606; x_wconf 93' lang='lat' dir='ltr'>re-</span> 
     </span>
     <span class='ocr_line' id='line_1_31' title="bbox 237 2623 2113 2702; baseline -0.004 -15"><span class='ocrx_word' id='word_1_284' title='bbox 237 2654 349 2688; x_wconf 86' lang='lat' dir='ltr'>rum</span> <span class='ocrx_word' id='word_1_285' title='bbox 371 2645 658 2702; x_wconf 83' lang='lat' dir='ltr'>argumenta</span> <span class='ocrx_word' id='word_1_286' title='bbox 680 2628 822 2699; x_wconf 86' lang='lat' dir='ltr'>plane</span> <span class='ocrx_word' id='word_1_287' title='bbox 847 2632 1142 2696; x_wconf 74' lang='lat' dir='ltr'>ignorarent.</span> <span class='ocrx_word' id='word_1_288' title='bbox 1218 2623 1372 2676; x_wconf 86' lang='lat' dir='ltr'>Simul</span> <span class='ocrx_word' id='word_1_289' title='bbox 1395 2627 1540 2697; x_wconf 84' lang='lat' dir='ltr'>etiam</span> <span class='ocrx_word' id='word_1_290' title='bbox 1561 2643 1739 2678; x_wconf 88' lang='lat' dir='ltr'>aevum</span> <span class='ocrx_word' id='word_1_291' title='bbox 1757 2624 1901 2680; x_wconf 74' lang='lat' dir='ltr'>Tatii</span> <span class='ocrx_word' id='word_1_292' title='bbox 1919 2645 1980 2679; x_wconf 80' lang='lat' dir='ltr'>ex</span> <span class='ocrx_word' id='word_1_293' title='bbox 2001 2631 2113 2679; x_wconf 87' lang='lat' dir='ltr'>imi-</span> 
     </span>
     <span class='ocr_line' id='line_1_32' title="bbox 235 2695 2114 2775; baseline -0.004 -14"><span class='ocrx_word' id='word_1_294' title='bbox 235 2706 516 2762; x_wconf 78' lang='lat' dir='ltr'>tationevel</span> <span class='ocrx_word' id='word_1_295' title='bbox 538 2709 700 2775; x_wconf 86' lang='lat' dir='ltr'>potius</span> <span class='ocrx_word' id='word_1_296' title='bbox 722 2701 1069 2772; x_wconf 79' lang='lat' dir='ltr'>compilat-ione</span> <span class='ocrx_word' id='word_1_297' title='bbox 1099 2695 1362 2768; x_wconf 66' lang='lat' dir='ltr'>Eustachii</span> <span class='ocrx_word' id='word_1_298' title='bbox 1381 2702 1760 2769; x_wconf 85' lang='lat' dir='ltr'>comperiemus.</span> <span class='ocrx_word' id='word_1_299' title='bbox 1852 2703 1947 2753; x_wconf 89' lang='lat' dir='ltr'>Hic</span> <span class='ocrx_word' id='word_1_300' title='bbox 1974 2705 2114 2763; x_wconf 82' lang='lat' dir='ltr'>enim</span> 
     </span>
     <span class='ocr_line' id='line_1_33' title="bbox 238 2770 2110 2847; baseline -0.005 -10"><span class='ocrx_word' id='word_1_301' title='bbox 238 2784 562 2837; x_wconf 85' lang='lat' dir='ltr'>Constantino</span> <span class='ocrx_word' id='word_1_302' title='bbox 596 2784 783 2847; x_wconf 82' lang='lat' dir='ltr'>Magno</span> <span class='ocrx_word' id='word_1_303' title='bbox 814 2794 1029 2829; x_wconf 79' lang='lat' dir='ltr'>coaevus</span> <span class='ocrx_word' id='word_1_304' title='bbox 1059 2770 1175 2834; x_wconf 48' lang='lat' dir='ltr'>fuit,</span> <span class='ocrx_word' id='word_1_305' title='bbox 1230 2773 1291 2824; x_wconf 88' lang='lat' dir='ltr'>ad</span> <span class='ocrx_word' id='word_1_306' title='bbox 1330 2773 1503 2825; x_wconf 84' lang='lat' dir='ltr'>eadem</span> <span class='ocrx_word' id='word_1_307' title='bbox 1533 2775 1680 2840; x_wconf 83' lang='lat' dir='ltr'>igitur</span> <span class='ocrx_word' id='word_1_308' title='bbox 1707 2772 1858 2826; x_wconf 90' lang='lat' dir='ltr'>saltim</span> <span class='ocrx_word' id='word_1_309' title='bbox 1886 2789 2110 2845; x_wconf 87' lang='lat' dir='ltr'>tempora</span> 
     </span>
     <span class='ocr_line' id='line_1_34' title="bbox 238 2848 2111 2918; baseline -0.004 -9"><span class='ocrx_word' id='word_1_310' title='bbox 238 2855 527 2909; x_wconf 86' lang='lat' dir='ltr'>retrahenda</span> <span class='ocrx_word' id='word_1_311' title='bbox 565 2858 654 2907; x_wconf 90' lang='lat' dir='ltr'>erit</span> <span class='ocrx_word' id='word_1_312' title='bbox 689 2848 831 2906; x_wconf 57' lang='lat' dir='ltr'>Tcn‘iz&#39;</span> <span class='ocrx_word' id='word_1_313' title='bbox 854 2864 981 2903; x_wconf 82' lang='lat' dir='ltr'>aetas</span> <span class='ocrx_word' id='word_1_314' title='bbox 1014 2849 1271 2918; x_wconf 81' lang='lat' dir='ltr'>hucusque</span> <span class='ocrx_word' id='word_1_315' title='bbox 1311 2850 1632 2916; x_wconf 86' lang='lat' dir='ltr'>incomperta.</span> <span class='ocrx_word' id='word_1_316' title='bbox 1742 2850 1870 2900; x_wconf 88' lang='lat' dir='ltr'>Nam</span> <span class='ocrx_word' id='word_1_317' title='bbox 1903 2848 1966 2901; x_wconf 92' lang='lat' dir='ltr'>de</span> <span class='ocrx_word' id='word_1_318' title='bbox 2007 2850 2111 2918; x_wconf 83' lang='lat' dir='ltr'>ipso</span> 
     </span>
     <span class='ocr_line' id='line_1_35' title="bbox 237 2921 2109 2995; baseline -0.004 -11"><span class='ocrx_word' id='word_1_319' title='bbox 237 2930 366 2985; x_wconf 80' lang='lat' dir='ltr'>furto</span> <span class='ocrx_word' id='word_1_320' title='bbox 389 2927 616 2981; x_wconf 63' lang='lat' dir='ltr'>‘dubitare</span> <span class='ocrx_word' id='word_1_321' title='bbox 646 2945 798 2979; x_wconf 87' lang='lat' dir='ltr'>nemo</span> <span class='ocrx_word' id='word_1_322' title='bbox 831 2925 1012 2995; x_wconf 79' lang='lat' dir='ltr'>potest,</span> <span class='ocrx_word' id='word_1_323' title='bbox 1072 2927 1157 2994; x_wconf 88' lang='lat' dir='ltr'>qui</span> <span class='ocrx_word' id='word_1_324' title='bbox 1189 2938 1361 2988; x_wconf 80' lang='lat' dir='ltr'>graeca</span> <span class='ocrx_word' id='word_1_325' title='bbox 1405 2924 1655 2992; x_wconf 86' lang='lat' dir='ltr'>utriusque</span> <span class='ocrx_word' id='word_1_326' title='bbox 1686 2921 1933 2989; x_wconf 83' lang='lat' dir='ltr'>scriptoris</span> <span class='ocrx_word' id='word_1_327' title='bbox 1964 2921 2109 2976; x_wconf 82' lang='lat' dir='ltr'>verba</span> 
     </span>
     <span class='ocr_line' id='line_1_36' title="bbox 234 2992 2109 3074; baseline -0.004 -16"><span class='ocrx_word' id='word_1_328' title='bbox 234 3006 620 3074; x_wconf 85' lang='lat' dir='ltr'>comparaverit,</span> <span class='ocrx_word' id='word_1_329' title='bbox 650 3015 699 3053; x_wconf 90' lang='lat' dir='ltr'>et</span> <span class='ocrx_word' id='word_1_330' title='bbox 718 3001 821 3052; x_wconf 73' lang='lat' dir='ltr'>stitis</span> <span class='ocrx_word' id='word_1_331' title='bbox 843 2998 1036 3052; x_wconf 76' lang='lat' dir='ltr'>aliunde</span> <span class='ocrx_word' id='word_1_332' title='bbox 1057 2999 1152 3062; x_wconf 78' lang='lat' dir='ltr'>jam</span> <span class='ocrx_word' id='word_1_333' title='bbox 1175 2998 1492 3062; x_wconf 74' lang='lat' dir='ltr'>cognoverit,</span> <span class='ocrx_word' id='word_1_334' title='bbox 1521 3013 1613 3066; x_wconf 71' lang='lat' dir='ltr'>qua</span> <span class='ocrx_word' id='word_1_335' title='bbox 1639 2992 1738 3046; x_wconf 87' lang='lat' dir='ltr'>fere</span> <span class='ocrx_word' id='word_1_336' title='bbox 1761 2999 1949 3048; x_wconf 84' lang='lat' dir='ltr'>ratione</span> <span class='ocrx_word' id='word_1_337' title='bbox 1968 3015 2109 3050; x_wconf 88' lang='lat' dir='ltr'>com-</span> 
     </span>
    </p>
   </div>
   <div class='ocr_carea' id='block_1_2' title="bbox 235 3066 2109 3203">
    <p class='ocr_par' dir='ltr' id='par_1_2' title="bbox 235 3066 2109 3203">
     <span class='ocr_line' id='line_1_37' title="bbox 235 3066 2109 3198; baseline -0.009 -62"><span class='ocrx_word' id='word_1_338' title='bbox 235 3079 466 3150; x_wconf 86' lang='lat' dir='ltr'>pilatores</span> <span class='ocrx_word' id='word_1_339' title='bbox 487 3075 669 3130; x_wconf 84' lang='lat' dir='ltr'>alienae</span> <span class='ocrx_word' id='word_1_340' title='bbox 692 3073 980 3128; x_wconf 86' lang='lat' dir='ltr'>eruditionis</span> <span class='ocrx_word' id='word_1_341' title='bbox 1004 3077 1171 3140; x_wconf 84' lang='lat' dir='ltr'>copias</span> <span class='ocrx_word' id='word_1_342' title='bbox 1191 3067 1484 3198; x_wconf 48' lang='lat' dir='ltr'>congrahere</span> <span class='ocrx_word' id='word_1_343' title='bbox 1512 3082 1562 3122; x_wconf 83' lang='lat' dir='ltr'>et</span> <span class='ocrx_word' id='word_1_344' title='bbox 1590 3066 1861 3123; x_wconf 62' lang='lat' dir='ltr'>contradicis</span> <span class='ocrx_word' id='word_1_345' title='bbox 1888 3073 2109 3198; x_wconf 71' lang='lat' dir='ltr'>interpo-</span> 
     </span>
     <span class='ocr_line' id='line_1_38' title="bbox 1224 3147 2108 3203; baseline 0.008 -10"><span class='ocrx_word' id='word_1_346' title='bbox 1224 3147 1266 3197; x_wconf 77' lang='grc' dir='ltr'>Κ</span> <span class='ocrx_word' id='word_1_347' title='bbox 1293 3160 1308 3168; x_wconf 64' lang='grc'>’</span> <span class='ocrx_word' id='word_1_348' title='bbox 1355 3160 1384 3194; x_wconf 84' lang='lat'>2</span> <span class='ocrx_word' id='word_1_349' title='bbox 2026 3163 2108 3203; x_wconf 79' lang='lat' dir='ltr'>are</span> 
     </span>
    </p>
   </div>
   <div class='ocr_carea' id='block_1_3' title="bbox 1034 361 1326 387">
    <p class='ocr_par' dir='ltr' id='par_1_3' title="bbox 1034 361 1326 387">
     <span class='ocr_line' id='line_1_39' title="bbox 1034 361 1326 387; baseline 0 0"><span class='ocrx_word' id='word_1_350' title='bbox 1034 361 1326 387; x_wconf 95' lang='lat' dir='ltr'> </span> 
     </span>
    </p>
   </div>
   <div class='ocr_carea' id='block_1_4' title="bbox 1036 387 1325 399">
    <p class='ocr_par' dir='ltr' id='par_1_4' title="bbox 1036 387 1325 399">
     <span class='ocr_line' id='line_1_40' title="bbox 1036 387 1325 399; baseline 0 3376"><span class='ocrx_word' id='word_1_351' title='bbox 1036 387 1325 399; x_wconf 95' lang='lat' dir='ltr'> </span> 
     </span>
    </p>
   </div>
  </div>
 </body>
</html>
