2571 3775
286 311 393 363 324

1075 418 1159 472 Ad
1246 436 1270 471 a
1308 461 1318 470 .
1372 435 1456 483 52,

443 495 604 551 Edidit
626 512 783 565 nuper
805 497 856 548 in
877 494 1172 565 Appendice
1208 436 1256 546 g.
1273 436 1456 546 {medi
1478 491 1816 564 Philosophiae
1839 489 2240 562 Ichthyologicae

287 566 400 627 loli.
434 567 536 625 lul.
571 565 861 625 Walammz
896 587 940 639 p.
971 576 1088 633 146.
1123 570 1477 622 Aanatomiam
1506 568 1738 638 Xiphiae,
1800 569 1908 622 satis
1939 581 2236 630 accuratam,

291 645 376 701 nifi
410 649 483 698 vir
517 643 694 698 clodius
727 643 955 696 laborum
987 643 1243 704 fimilium,
1282 661 1306 695 a
1331 646 1450 696 viris
1481 642 1639 697 doctis
1670 657 1808 696 antea
1840 644 2175 713 susceptorum
2194 656 2244 695 et

293 718 655 792 publicatorum
682 722 1104 788 comparationem
1126 716 1265 787 plane
1287 717 1529 770 omififfet.
1577 723 1620 771 Is
1646 721 1790 785 igitur
1809 716 2062 771 branchias
2088 721 2243 770 utrin-

299 813 395 867 que
424 808 708 865 quaternas,
762 791 1102 862 complicataS,
1159 790 1378 853 bifoliaS,
1442 811 1558 845 cum
1590 796 1756 865 quinta
1779 790 1981 846 unifolia
2003 790 2243 863 operculo

298 869 466 922 adnata
504 865 1012 937 (pseudobranchiam
1049 867 1168 918 dixit
1202 864 1277 921 Cl.
1309 863 1655 939 Brozrſjonet)
1687 870 1962 927 annotavit3
2015 881 2242 920 ceterum

300 942 643 995 branchiaruni
676 940 822 994 fibras
859 940 1217 1009 cartilaginem,
1268 940 1610 1013 modumque,
1675 960 1780 1013 quo
1807 939 2001 1006 jundiae
2031 945 2244 993 invicem

301 1015 530 1069 lateribus
553 1017 760 1068 dentatis
784 1015 1066 1077 cohaerent,
1090 1013 1192 1067 fere
1214 1028 1269 1067 ut
1288 1019 1335 1067 in
1359 1020 1533 1084 pennis
1556 1020 1719 1068 avium
1742 1014 1891 1068 fibrae
1912 1014 2246 1083 cartilagineae

301 1090 479 1145 barbae
514 1091 577 1144 fic
608 1089 797 1153 difiae,
834 1105 883 1142 et
912 1091 1014 1144 vala
1046 1088 1310 1157 sanguifera
1342 1091 1599 1153 sustinent,
1638 1091 1992 1143 accuratissume
2018 1093 2248 1143 omnium

302 1171 555 1220 enarravit.
634 1164 746 1218 Offa
771 1164 910 1234 gulae
932 1163 1092 1217 scabra
1113 1163 1357 1217 branchiis
1374 1164 1583 1235 apposita
1608 1167 1791 1235 postice
1816 1163 1935 1217 nihil
1957 1164 2138 1216 habent
2160 1161 2251 1215 fin-

306 1240 500 1309 gulare3
534 1257 587 1292 ea
620 1243 753 1291 enim
782 1238 882 1291 fere
919 1244 968 1291 in
998 1239 1244 1310 plerisque
1275 1239 1510 1292 omnibus
1540 1239 1747 1309 piscibus
1780 1240 1954 1292 adsunt
1982 1240 2087 1309 post
2107 1237 2251 1291 bran-

307 1316 474 1374 chias;
514 1319 562 1366 in
587 1317 876 1383 carpionum
898 1328 1063 1366 tamen
1095 1313 1330 1367 edentulo
1359 1331 1539 1380 genere
1569 1319 1798 1367 omnium
1821 1318 2034 1367 maxima
2057 1312 2254 1383 proces-

308 1390 385 1443 sus
413 1394 460 1440 in
487 1392 654 1441 vicem
682 1387 905 1441 dentium
937 1389 1247 1457 longiffimos
1272 1386 1536 1451 exhibent,
1571 1388 1686 1441 hinc
1715 1388 1941 1443 maxillae
1964 1389 2148 1459 spuriae
2170 1399 2253 1438 aut

308 1462 499 1532 gulares
522 1461 678 1514 didiae
698 1480 722 1514 a
746 1458 1054 1535 quibusdam.
1136 1468 1325 1515 Verum
1354 1463 1560 1515 eaedem
1588 1463 1827 1531 gradatim
1847 1468 2062 1516 minores
2083 1461 2253 1516 adsunt

311 1541 458 1590 etiam
484 1540 535 1589 in
559 1555 741 1605 genere
764 1537 1029 1599 Cobitidis,
1069 1537 1224 1599 Gadi,
1257 1536 1717 1600 Pleuronecsiarun„
1751 1537 1886 1590 Fabri
1908 1537 2108 1609 aliisque
2125 1535 2254 1588 bene

309 1611 503 1673 multis,
550 1629 678 1683 quos
707 1612 848 1664 secui.
924 1612 1240 1681 Respondent
1270 1611 1367 1665 ossa
1391 1611 1512 1664 haec
1538 1630 1566 1664 e
1587 1615 1792 1680 regione
1821 1611 1985 1683 pofitis
2014 1616 2063 1665 in
2095 1609 2255 1680 palato

310 1685 491 1739 offibus
523 1684 725 1747 scabris,
761 1705 978 1757 quorum
1007 1690 1056 1738 in
1083 1686 1247 1756 xiphia
1280 1705 1547 1739 numerum
1588 1705 1647 1738 12
1672 1687 1825 1739 edidit
1850 1682 2166 1750 lValbmtm‚
2207 1696 2256 1736 et

311 1779 428 1812 cum
455 1764 512 1812 iis
539 1764 765 1813 coeuntia
799 1761 971 1814 cibum
999 1759 1312 1814 interiedium
1337 1760 1607 1813 molarium
1638 1761 1866 1813 dentium
1901 1763 2042 1814 instar
2059 1757 2256 1812 molunt

310 1849 361 1887 et
380 1848 742 1888 comminuunt.

468 1907 791 1978 Scapulorum
820 1905 906 1959 sub
938 1910 1142 1961 nomine
1170 1905 1267 1959 offa
1303 1906 1406 1959 duo
1437 1903 1691 1959 fortiffiina
1713 1909 1990 1970 annotavit,
2030 1924 2156 1979 quae
2174 1906 2258 1962 sub

312 1980 514 2053 pediore
537 1986 763 2035 coeuntia
786 1983 931 2034 sterni
952 1984 1117 2034 vicem
1138 1998 1308 2048 gerere
1333 1979 1500 2033 voluit,
1575 1984 1666 2033 His
1689 1985 1735 2033 in
1762 1981 1909 2034 latere
1930 1979 2057 2034 bafin
2079 1986 2258 2052 pinnae

313 2054 571 2127 pedioralis
593 2055 784 2110 anneeii
812 2056 996 2125 posuit,
1026 2055 1258 2124 superiori
1281 2070 1445 2108 autem
1467 2056 1550 2107 fini
1571 2054 1766 2108 adned'ti
1793 2056 2098 2118 claviculam,
2133 2075 2260 2126 quae

316 2131 468 2184 altero
500 2133 598 2184 fine
621 2131 777 2185 bifido
803 2132 986 2200 spinam
1010 2128 1135 2183 dorfi
1172 2127 1505 2199 amplecffatur.
1585 2129 1900 2199 Scapularum
1923 2134 2126 2184 nomine
2149 2132 2259 2185 usus

317 2207 385 2258 est
418 2209 562 2258 etiam
599 2202 1010 2271 Schellhmnmer,
1066 2207 1148 2277 qui
1175 2218 1419 2274 praeterea
1449 2201 1581 2256 refle
1614 2208 1890 2266 annotavit,
1927 2203 2054 2258 basin
2084 2209 2260 2275 pinnae

318 2278 578 2350 pedioralis
598 2281 691 2333 offi
708 2278 1010 2349 scapularum
1031 2298 1118 2348 per
1138 2277 1530 2331 articulationem
1559 2277 1866 2347 ginglymum
1897 2277 2077 2331 dictam
2100 2282 2260 2348 jungi,

321 2373 422 2426 quo
444 2355 634 2407 firmius
656 2354 861 2407 haereat.
940 2350 1243 2408 Claviculam
1266 2370 1386 2406 vero
1413 2351 1587 2406 omisit.
1658 2357 1844 2406 Verum
1864 2372 1966 2406 non
1985 2356 2134 2408 totius
2154 2358 2261 2425 pin-

321 2445 412 2481 nae
433 2426 688 2497 pedioralis
710 2427 855 2490 baiis,
892 2427 973 2479 sed
1002 2430 1144 2497 primi
1168 2440 1216 2478 et
1241 2424 1483 2479 sortiffimi
1509 2426 1627 2479 radii
1651 2427 1766 2480 ossei
1798 2441 1942 2498 caput
1968 2444 2259 2483 excavatum

320 2501 598 2554 articulatur
625 2507 812 2556 ratione
846 2501 975 2554 didia
1010 2520 1123 2553 cum
1150 2500 1249 2553 offe
1274 2499 1602 2571 scapularum,
1636 2500 1777 2572 plane
1811 2516 1863 2555 ut
1891 2503 1995 2555 fieri
2028 2501 2180 2557 video
2211 2508 2260 2556 in

324 2575 484 2630 Siluro
506 2579 742 2639 nostrate,
782 2575 864 2628 ubi
885 2576 1074 2629 radium
1096 2579 1309 2645 primum
1335 2577 1568 2629 serratum
1594 2574 1815 2629 erectum
1840 2578 2111 2649 antrqrsum
2136 2578 2262 2631 diffi-

322 2649 476 2704 culter
508 2669 599 2703 nec
626 2651 760 2704 aliter
789 2649 877 2703 nifi
912 2670 1030 2703 cum
1059 2651 1266 2704 artificio
1294 2649 1462 2721 aliquo
1491 2649 1823 2704 retroflec‘lere
1853 2650 1979 2704 licet
2055 2656 2129 2704 Ex
2154 2671 2257 2724 quo

322 2739 520 2794 apparet
551 2725 688 2777 usum
721 2744 865 2787 eum,
905 2744 1056 2796 quem
1081 2723 1344 2778 strudiurae
1373 2724 1493 2776 huic
1523 2723 1747 2793 fingulari
1773 2739 1821 2779 et
1840 2723 2091 2791 jundlurae
2114 2729 2260 2796 primi

322 2799 442 2851 radii
465 2803 641 2870 pinnae
671 2798 932 2868 pedioralis
958 2804 1007 2851 in
1040 2799 1205 2852 Siluris
1238 2797 1501 2867 adfignavit
1524 2798 1597 2853 Cl.
1615 2796 1879 2853 Hermam
1902 2803 1948 2850 in
1973 2802 2261 2854 Comment.

321 2874 382 2925 ad
402 2872 582 2926 Tabul.
599 2875 786 2927 Affinit.
811 2895 854 2945 p.
880 2893 904 2939 3
919 2893 943 2926 2
958 2893 999 2937 5.
1032 2889 1228 2927 naturae
1249 2872 1450 2927 confilio
1473 2893 1575 2927 non
1604 2878 1813 2926 omnino
1833 2879 2112 2929 convenire,
2189 2879 2261 2928 Si-

320 2946 453 3001 luros
474 2952 511 3001 is
532 2948 731 3018 putabat
750 2953 798 3015 in
820 2951 1032 3016 angustis
1053 2947 1298 3013 canalibus
1332 2963 1500 3001 contra
1526 2952 1648 3017 ripas
1669 2951 1756 3000 niti
1777 2948 1852 3002 his
1874 2952 2034 3019 pinnis
2057 2950 2263 3004 firmiter

319 3020 520 3083 erediis,
544 3037 773 3095 tanquam
794 3023 1007 3077 brachiis
1029 3023 1256 3091 gliscere,
1290 3038 1338 3075 et
1359 3022 1653 3075 adscendere
1673 3023 1874 3076 adverso
1900 3038 2117 3077 torrente
2139 3028 2263 3077 inter

317 3095 635 3165 scopulorum
663 3102 822 3152 rimas.
900 3097 1180 3154 Claviculae
1209 3115 1267 3155 os
1291 3115 1497 3170 parvum
1518 3112 1567 3150 et
1585 3115 1793 3152 curvum
1810 3102 1861 3153 in
1883 3097 2027 3155 filuro
2052 3113 2264 3169 utroque

2146 3174 2264 3227 fine
