2571 3775
1010 341 1303 376 ==÷==
1984 311 2091 393 '247

213 445 2093 502 44Q4**†÷÷**÷***4÷*÷affffffff÷**÷÷4

708 538 1596 657 APPENDIX

936 737 974 779 E
993 737 1036 779 X
1052 738 1093 780 H
1113 737 1130 779 1
1149 737 1181 779 Β
1204 737 1238 780 Ε
1260 737 1300 780 Ν
1323 738 1352 781 S

213 857 652 917 fflsToRlAM
686 856 1222 916 H1ppopoTAM1
1261 832 1646 917 VETERUM
1686 858 2092 919 cR1T1CAM0

205 1126 487 1253 Princeps
518 1129 581 1182 de
610 1127 804 1184 historia
834 1128 1088 1183 fluviatilis?
1109 1132 1224 1202 equi
1256 1127 1397 1184 Iocus
1426 1127 1494 1184 est
1517 1124 1844 1185 Herodoti'li.
1875 1148 1978 1202 cap.
2000 1147 2089 1195 7¹·

333 1208 456 1276 Equi
477 1203 757 1267 fluviatiles,
793 1208 967 1276 inquit,
1005 1208 1054 1256 in
1074 1202 1372 1273 praefefflura
1394 1209 1663 1275 Papremite
1687 1206 1802 1259 sacri
1823 1204 2090 1269 habentur,

205 1281 256 1333 in
280 1278 478 1350 reliquis
500 1298 600 1333 non
624 1282 760 1331 item.
836 1281 1007 1348 Specie
1036 1278 1143 1330 sunt
1173 1283 1395 1348 corporis
1423 1278 1722 1345 hujusmodi.
1791 1281 2087 1350 Qiadrupe-

205 1353 292 1406 des
313 1354 446 1416 sunt,
471 1355 562 1406 sed
585 1352 794 1421 pedibus
823 1354 964 1414 fiffis,
1001 1366 1053 1405 ut
1074 1355 1124 1405 in
1144 1350 1331 1406 bovillo
1352 1371 1558 1421 genere,
1585 1350 1707 1407 facie
1729 1352 1860 1414 fima,
1884 1350 2086 1427 (σιμὸν)

204 1426 318 1493 juba
340 1432 534 1498 equina,
572 1423 790 1501 (λοφιή)
821 1428 989 1479 dentes
1013 1427 1229 1480 exsertos
1247 1427 1481 1490 ostendit,
1522 1422 1938 1504 (χαυλιόδοντας
1958 1436 2087 1502 &asf-

202 1503 316 1566 νον)
351 1503 502 1555 cauda
527 1516 573 1554 et
591 1520 692 1553 vox
717 1505 911 1572 equina,
946 1500 1237 1568 magnitudo
1256 1505 1460 1554 maximi
1480 1500 1638 1563 bovis³
1674 1506 1794 1555 corii
1816 1516 1944 1554 tanta
1964 1503 2088 1555 cras-'⁶

202 1574 364 1628 fitudo
384 1577 450 1627 cst
464 1613 480 1638 ,
519 1590 570 1628 ut
593 1593 655 1627 ex
672 1573 848 1628 ficcato
869 1574 1023 1641 jacula
1045 1577 1175 1627 fiant.
1214 1570 1375 1643 (sz)
1398 1570 1658 1639 (ἑκόντα.)
1734 1580 1851 1627 Hoc
1872 1595 1988 1627 cum
2012 1575 2088 1630 Ιο-

204 1667 268 1701 co
288 1646 323 1700 fi
344 1667 691 1718 comparamus
710 1652 933 1702 notitiam
957 1648 1015 1701 ab
1037 1646 1297 1719 Aristotele
1317 1650 1567 1718 proditam
1588 1654 1634 1701 in
1656 1651 1774 1701 Hist.
1789 1651 2088 1712 Anim.l1.7.¹

201 1720 511 1776 manifestum
536 1725 628 1784 est,
663 1721 1012 1791 philosophum
1032 1722 1156 1774 nihil
1188 1721 1288 1775 fere
1314 1723 1441 1775 aliud
1474 1722 1557 1774 nifi
1589 1723 1873 1776 historicum
1908 1724 2083 1776 exscri-

199 1795 361 1867 pfiffe‚
399 1795 488 1851 etfi'
503 1816 608 1850 non*
628 1799 952 1848 nominatum.
1035 1800 1232 1866 Equus,
1269 1800 1450 1868 inquit,
1488 1796 1732 1850 fluviatilis
1756 1799 1976 1868 Aegypti
2008 1801 2084 1863 ju-

202 1869 317 1922 bam
347 1868 596 1947 (χαίτην)
625 1869 773 1923 habc't
804 1882 856 1922 ut
885 1888 1067 1942 equus,
1105 1868 1313 1923 bisulcus
1345 1872 1413 1923 est
1434 1890 1574 1923 more
1594 1869 1777 1933 boum,
1807 1869 1929 1924 facie
1950 1871 2082 1936 fima,

202 1942 535 1997 talum‘etiam
568 1958 620 1996 ut
650 1942 817 1996 bisulla
841 1942 1065 1995 animalia
1095 1942 1267 2005 habet,
1317 1944 1487 1997 dentes
1516 1944 1720 2014 paulum
1754 1946 1968 1998 exsertos
1998 1947 2084 1998 seu

203 2022 568 2089 prominentc8‚
601 2012 1018 2094 (χαυλιόδοντας
1038 2017 1490 2092 ύποφωινομένδς)
1517 2020 1720 2071 <3311de
1741 2021 1861 2081 sUiS>
1900 2038 2082 2072 VOCfflss

204 2095 354 2164 equi,
392 2093 784 2160 magnitudinem
817 2090 944 2144 afini.
1021 2094 1157 2144 Corii
1185 2094 1413 2145 craffities
1437 2107 1565 2144 tanta
1587 2094 1670 2154 est,
1706 2106 1760 2145 ut
1780 2111 1841 2145 ex
1863 2112 1925 2147 eo
1946 2094 2078 2147 scuta

201 2168 332 2223 fiant.
412 2171 573 2220 Partes
598 2170 813 2218 internae
836 2183 974 2236 equo
998 2179 1047 2217 et
1068 2165 1196 2219 afino
1231 2167 1338 2217 fiant
1367 2165 1556 2231 similes.
1633 2171 1685 2218 In
1716 2167 2084 2238 interpretando

199 2241 300 2293 hoc
334 2239 452 2294 loco
476 2238 657 2301 Gaza,
691 2258 842 2309 quem
868 2241 1082 2312 sequitur
1102 2237 1362 2311 Scaliger,
1389 2244 1583 2293 initium
1605 2241 1939 2310 descriptionis
1959 2253 2079 2294 cum

201 2313 361 2369 verbis
390 2312 793 2368 antecedentibus
820 2317 883 2366 ita
919 2313 1188 2383 copulavit:
1245 2313 1372 2367 Aliis
1404 2315 1671 2369 mediocris
1694 2315 1840 2369 ricius
1863 2320 1962 2370 oris
1993 2319 2079 2379 est,

202 2404 255 2440 ut
279 2393 445 2456 generi
464 2389 630 2450 suum,
669 2406 802 2458 equo
822 2386 1065 2450 fluviatili,
1102 2406 1252 2460 quem
1271 2389 1425 2456 gignit
1443 2390 1712 2461 Aegyptus.
1804 2392 1897 2444 Sed
1928 2390 2077 2443 talem

198 2462 474 2529 junsturam
499 2481 592 2515 nec
612 2460 758 2514 verba
780 2480 979 2529 graeca,
1011 2477 1063 2514 ut
1103 2481 1235 2515 nunc
1267 2481 1321 2515 ea
1354 2461 1605 2531 leguntur,
1648 2466 1935 2527 admittunt,
1982 2484 2077 2517 nec

156 2587 167 2601 ‚
200 2535 444 2590 versiones
466 2541 691 2607 antiquae
711 2535 836 2588 duae
855 2555 880 2589 a
903 2535 1049 2589 Gallo
1064 2532 1248 2589 Cumas
1269 2532 1471 2589 collatae
1492 2537 1584 2591 tale
1604 2537 1722 2611 quid
1744 2538 1936 2592 habent.
1970 2542 2077 2608 Qui

198 2607 344 2665 Scoti
370 2609 641 2664 versionem
668 2608 852 2681 ubique
882 2611 1096 2682 sequitur
1126 2605 1374 2663 Albertus
1403 2615 1614 2680 Magnus
1646 2618 1700 2665 II.
1728 2632 1775 2683 p,
1803 2626 1882 2676 38.
1906 2613 1951 2666 b.
2010 2618 2074 2666 ita

198 2685 332 2738 hunc
362 2683 531 2738 locum
563 2684 846 2754 philosophi
885 2688 1250 2755 interpretatur:
1307 2683 1549 2757 quaedam
1581 2688 1690 2740 sunt
1716 2688 1981 2741 mediocris
2011 2692 2075 2740 ri-

197 2758 329 2820 Qus,
385 2758 503 2812 ficut
540 2777 720 2829 porcus
749 2758 1019 2811 secundum
1047 2777 1201 2812 omne
1228 2777 1383 2827 genus
1421 2760 1575 2813 suum.
1691 2762 1909 2831 Quidam
1940 2766 2075 2814 enim

197 2851 355 2904 equus
376 2835 592 2886 fluminis
616 2832 744 2895 Nili,
778 2837 860 2904 qui
886 2832 946 2886 ab
964 2837 1174 2905 antiquis
1192 2834 1394 2901 Pegasus
1412 2853 1513 2887 non
1534 2834 1704 2889 volans
1717 2852 1935 2898 vocatur,
1958 2855 2073 2889 mo-

194 2922 324 2960 ratur
346 2906 548 2976 quidem
570 2908 784 2977 superius
807 2910 856 2958 in
879 2921 1017 2960 terra.
1094 2909 1174 2960 Est
1195 2912 1327 2960 enim
1347 2908 1445 2961 hoc
1461 2909 1636 2961 animal
1660 2909 1843 2963 habens
1866 2910 2071 2980 quidem

192 2981 320 3050 pilos
356 2979 474 3032 ficut
505 2980 592 3048 pili
630 2985 769 3052 equi,
805 2981 887 3034 sed
918 2981 1087 3034 dividit
1119 2981 1352 3049 ungulam
1386 2984 1436 3033 in
1458 2982 1586 3043 duo,
1621 2998 1670 3035 et
1700 2985 1806 3036 sunt
1837 2981 2071 3038 sotulares

192 3059 296 3121 ejus
319 3054 436 3106 ficut
454 3053 689 3107 sotulares
724 3072 923 3116 vaccae,
959 3069 1008 3108 et
1036 3055 1210 3109 attollit
1229 3060 1279 3107 in
1313 3053 1516 3108 fiiblime
1537 3054 1711 3109 faciem
1733 3059 1895 3119 suam,
1942 3072 1992 3110 et
2013 3061 2067 3110 in

185 3128 400 3206 pedibus
429 3129 524 3184 suis
546 3127 697 3184 habet
714 3128 929 3195 chahab,
972 3130 1072 3186 hoc
1093 3132 1162 3186 est
1189 3129 1477 3188 calcaneum
1506 3130 1598 3186 tale
1627 3130 1747 3189 ficut
1774 3149 1921 3259 vacqa
1943 3150 2062 3259 epm

1902 3226 1962 3261 ua
2002 3223 2060 3260 us
