2571 3775
383 338 484 386 ¹32
1175 331 1469 351 —···

369 448 544 506 'soetus
575 445 833 517 galeorum
854 447 1178 519 recipiantur,
1233 444 1320 500 nifi
1345 445 1484 518 quod
1504 463 1567 499 ex
1587 447 1776 516 vulgari
1797 443 1957 501 fabula
1980 446 2042 499 de
2065 444 2270 500 mustela

384 523 728 597 quadrupede,
766 536 961 592 partum
981 539 1069 575 ore
1088 517 1430 584 transferente,
1470 528 1626 594 (quae
1658 522 1773 575 ideo
1799 540 1825 574 a
1857 516 2151 595 quibusdam
2181 540 2270 575 ore

386 616 558 670 parere
590 596 712 651 olim
742 596 1060 660 credebatur)
1095 595 1318 664 suspicari
1337 594 1450 648 licet
1470 614 1658 650 nomen
1679 596 1912 650 mustelae
1934 597 1994 649 ad
2019 597 2171 666 pisces
2191 614 2274 648 ce-
2329 659 2337 666 A

388 689 555 727 taceos
580 671 674 725 effe
689 669 973 724 translatum
994 683 1252 741 propterea
1275 670 1413 739 quod
1428 668 1614 723 catulos
1633 670 1714 723 seu
1724 668 1888 724 foetus
1900 675 1949 723 in
1975 690 2032 725 os
2052 674 2276 740 recipere

392 752 445 802 in
465 745 689 818 periculo
710 744 977 796 traduntur.
1053 743 1206 796 Unde
1236 741 1538 796 hodiernum
1567 762 1756 797 nomen
1785 744 2036 798 Gallicum
2057 741 2189 798 Chat
2216 740 2278 796 de

393 817 543 876 roche
564 834 613 872 et
631 816 798 872 fimilia
819 815 963 868 du&
984 814 1088 879 sint,
1109 819 1396 884 ignoramus
1410 821 1570 869 etiam.
1583 848 1648 858 —-
1705 821 1963 885 Quoniam
1983 816 2174 872 Arteai
2195 818 2278 870 seu

394 892 655 951 Limlaezts
689 891 770 943 hic
804 889 1014 960 subdidit
1051 894 1176 943 inter
1220 893 1495 957 Synonyma
1534 890 1678 943 Galei
1709 910 1898 944 nomen
1927 906 1978 944 et
2005 890 2114 944 loca
2147 896 2280 945 varia

396 971 689 1038 scriptorum
720 968 978 1026 excitavit3
1012 982 1074 1017 ne
1107 961 1314 1017 106101·οε
1336 968 1387 1016 in
1417 978 1545 1017 tanta
1580 969 1843 1018 nominum
1875 964 2014 1018 turba
2038 964 2282 1027 aberrent,

399 1047 582 1096 invitus
608 1040 740 1093 addo
765 1038 1002 1110 quicquid
1016 1037 1077 1090 ab
1091 1035 1363 1108 Aristotele
1381 1037 1583 1110 aliisque
1603 1043 1817 1093 omnino
1840 1039 2068 1092 traditum
2089 1039 2151 1092 de
2172 1052 2283 1093 toto

401 1134 582 1185 genere
603 1117 774 1185 reperi.
847 1112 1012 1183 Multo
1039 1115 1177 1165 enim
1206 1127 1314 1164 tum
1348 1110 1535 1166 facilius
1569 1117 1798 1175 nomina,
1840 1131 1965 1186 quae
1999 1114 2107 1166 sunt
2135 1117 2287 1166 totius

401 1189 613 1244 familiae
652 1189 798 1254 hujus
843 1185 1156 1248 communia,
1195 1185 1257 1239 ab
1296 1189 1384 1249 iis,
1425 1204 1550 1258 quae
1582 1205 1762 1255 genera
1800 1186 1960 1259 aliqua
1994 1202 2078 1240 aut
2104 1189 2288 1258 species

405 1265 611 1318 diversas
634 1262 843 1330 signant,
882 1262 1097 1331 separare
1120 1264 1421 1330 poterimuss
1467 1261 1604 1332 quod
1625 1275 1791 1315 tamen
1813 1276 1867 1314 ut
1887 1263 2126 1331 perficere
2149 1264 2292 1333 equi-

407 1340 525 1393 dem
555 1338 762 1408 poffim,
806 1335 1083 1388 admodum
1103 1353 1294 1387 vereor.
1381 1334 1703 1404 Philosophus
1726 1339 1863 1388 enim
1884 1356 1987 1389 non
2007 1351 2108 1388 tam
2128 1337 2290 1405 specie

409 1431 683 1483 corporum
717 1425 943 1472 externa,
1004 1427 1153 1481 quam
1178 1414 1482 1461 internarum
1513 1413 1725 1479 partium
1759 1410 2027 1463 diversitate
2059 1412 2293 1479 separavit

410 1502 496 1541 aut
518 1489 818 1556 comparavit
839 1488 1054 1537 invicem
1075 1481 1307 1535 familiam
1337 1483 1462 1536 hanc
1495 1481 1919 1552 cartilagineorum
1945 1485 2152 1554 piscium
2184 1482 2293 1537 lon-

413 1581 622 1631 gorum,
657 1563 723 1611 ita
750 1573 805 1610 ut
835 1562 1000 1611 omnis
1039 1561 1373 1628 interpretatio
1406 1555 1466 1609 ab
1497 1562 1743 1611 anatomia
1770 1559 2009 1628 pendeat,
2059 1576 2208 1630 quam
2242 1561 2293 1610 in

411 1636 710 1707 pauciffimis
740 1632 923 1686 horum
947 1632 1153 1702 piscium
1183 1631 1261 1684 vel
1293 1646 1522 1685 accurate
1547 1631 1624 1686 vel
1653 1637 1865 1688 omnino
1899 1635 2167 1687 institutam
2201 1631 2297 1685 effe

415 1709 659 1765 dolemus.
737 1706 831 1761 Sed
857 1725 963 1759 rem
985 1707 1137 1776 ipsam
1160 1705 1443 1774 aggredior!

563 1788 616 1835 ln
642 1783 761 1834 Hist.
783 1782 953 1834 Anim.
982 1785 1013 1832 1.
1043 1801 1062 1832 1
1081 1799 1122 1840 3.
1164 1779 1463 1848 cartilaginei
1491 1777 1631 1847 longi
1657 1780 1808 1850 pisces
1829 1779 2084 1835 branchias
2111 1785 2162 1834 in
2182 1779 2299 1834 late—

421 1855 754 1928 ribussspofitas
780 1854 988 1917 habent,
1022 1867 1078 1906 ut
1096 1872 1252 1922 genus
1274 1868 1436 1907 totum
1475 1853 1790 1907 mustelinum
1831 1856 2125 1924 (galeoidei)
2161 1855 2300 1927 quod

419 1944 606 2001 praeter
639 1934 807 2003 quinas
841 1932 1068 2000 utrinque
1095 1927 1376 1990 branchias,
1416 1927 1633 1997 duplices
1662 1946 1865 1992 omnes,
1908 1929 2068 1983 habet.
2158 1935 2192 1982 I.
2223 1949 2301 1991 15⁷.

422 2005 502 2059 Fel
523 2005 605 2058 seu
632 2003 841 2058 veficam
861 2002 1053 2056 felleam
1076 2002 1135 2055 ad
1157 2005 1293 2069 jecur
1320 2000 1587 2072 appositam
1615 2017 1790 2070 gerunt
1818 2005 2059 2058 niuflelini
2088 2003 2304 2072 (galeoi-

425 2079 530 2143 dei)
561 2093 610 2132 et
637 2078 792 2147 glanis
813 2091 873 2149 et¹
892 2078 1108 2148 squatina
1142 2090 1190 2129 et
1209 2079 1301 2142 raia
1326 2075 1475 2129 laevis
1503 2090 1552 2128 et
1581 2077 1808 2146 torpedo.
1873 2083 1905 2130 1.
1934 2098 2012 2140 17.
2053 2082 2140 2150 qui
2168 2081 2304 2142 iecur

427 2153 487 2207 ab
509 2157 649 2206 initio
672 2155 827 2206 statim
852 2151 1033 2204 habent
1054 2150 1240 2212 fiffnm,
1281 2153 1522 2216 majorem
1544 2153 1647 2216 ejus
1674 2165 1864 2218 partem
1885 2157 1935 2204 in
1956 2154 2131 2205 dextro
2155 2153 2305 2205 latere

427 2227 563 2283 fitam
583 2241 785 2295 gerunt,
829 2240 882 2278 ut
907 2224 1282 2278 niustelinorum
1303 2243 1471 2292 genus.
1494 2252 1561 2263 —-
1603 2228 1755 2277 Pisces
1773 2226 2070 2294 appendices
2096 2227 2307 2278 intestini

431 2321 586 2372 prope
611 2299 938 2354 ventriculum
957 2298 1165 2359 habent,
1212 2297 1360 2369 aliqui
1383 2296 1557 2349 multas
1591 2312 1648 2349 ut
1666 2296 1868 2364 gobiuS‚
1909 2299 2102 2367 galeUS,
2142 2317 2307 2369 perca,

432 2377 677 2444 scorpiuS‚
718 2373 957 2433 citharuS,
988 2371 1127 2439 trigla
1150 2385 1197 2424 et
1216 2372 1379 2441 sparus
1401 2401 1466 2410 —-
1505 2371 1706 2441 quidam
1742 2371 1897 2426 nullas
1937 2373 2077 2443 plane
2106 2372 2309 2436 habent,

435 2463 490 2501 ut
518 2448 715 2518 plurimi
742 2446 1033 2514 cartilaginei
1064 2446 1233 2515 pisces.
1337 2450 1411 2498 Ex
1440 2444 1538 2497 hoc
1564 2443 1679 2498 1000
1701 2443 1894 2500 Artecz‘i
1921 2448 2086 2501 retulit
2111 2447 2311 2516 galeum

436 2522 595 2593 pylori
619 2520 910 2592 appendices
930 2519 1104 2572 multas
1124 2517 1305 2572 habere
1328 2518 1716 2586 cartilagineum3
1755 2520 1837 2572 sed
1859 2519 2156 2591 Aristoteles
2191 2541 2312 2576 eum

439 2615 465 2649 a
488 2596 809 2663 cartilagineis
832 2595 1104 2662 distinguit,
1146 2608 1194 2645 et
1215 2592 1552 2661 cartilagineos
1584 2593 1847 2666 plerosque
1870 2614 2046 2649 omnes
2076 2597 2309 2667 appendi-

440 2669 578 2724 cibus
601 2669 680 2722 his
701 2687 863 2722 carere
884 2668 1063 2729 afferit3
1105 2667 1241 2739 quod
1262 2686 1436 2720 verum
1459 2665 1552 2719 esse
1582 2671 1916 2721 recentiorum
1943 2667 2308 2723 observationes

440 2747 490 2797 in
511 2748 619 2810 rajis
639 2758 687 2797 et
704 2743 876 2815 squalis
899 2744 1138 2795 institutae
1157 2742 1353 2795 docent.
1434 2746 1567 2808 Ergo
1587 2740 1754 2809 galeus
1775 2742 1854 2794 hic
1886 2742 2164 2813 simpliciter
2192 2764 2308 2797 cum

439 2817 648 2888 piscibus
671 2821 869 2887 proprie
889 2815 1028 2869 didus
1050 2820 1330 2869 nominatus
1353 2833 1378 2866 a
1411 2813 1720 2882 cartilagineo
1751 2816 1892 2883 galeo
1924 2817 2064 2886 plane
2093 2819 2308 2872 diversus

440 2895 530 2956 est,
563 2907 615 2945 ut
638 2896 814 2945 monui
837 2895 935 2957 jam
956 2891 1093 2959 supra
1112 2894 1163 2942 in
1183 2889 1329 2942 Gado
1351 2887 1462 2942 lota.
1510 2893 1585 2940 111.
1618 2908 1656 2940 1.
1695 2907 2018 2962 quaecunque
2042 2911 2104 2944 ex
2123 2897 2310 2945 anima-

440 2965 564 3020 libus
585 2965 790 3037 pedibus
818 2964 1094 3018 carentibus
1114 2967 1283 3016 vivum
1314 2962 1490 3014 animal
1524 2963 1677 3014 edunt
1709 2964 1938 3035 quidem,
1985 2970 2114 3020 intus
2144 2981 2313 3020 tamen

441 3044 551 3092 ovis
580 3039 873 3101 excludunt,
924 3052 980 3090 ut
1016 3038 1208 3091 musteli
1249 3036 1422 3105 (galei)
1457 3051 1505 3088 et
1523 3035 1694 3108 reliqui
1725 3037 2018 3106 cartilaginei
2048 3043 2225 3111 pisces,
2260 3041 2311 3093 hi

441 3126 634 3167 uterum
661 3112 1001 3181 (oviduff'tum)
1032 3110 1278 3183 bifurcum
1304 3111 1386 3165 seu
1414 3109 1662 3181 duplicem
1694 3110 1898 3175 habent,
1934 3114 2016 3167 sed
2051 3119 2092 3169 is
2129 3115 2314 3168 eodem

2152 3188 2312 3243 modo
