2571 3775
2139 294 2237 344 323

293 406 518 464 escharus
533 443 548 469 ‚
585 402 648 458 de
668 402 797 476 pisce
819 398 963 455 refert
983 401 1134 453 etiam
1154 395 1452 470 Hesychius.
1528 401 1606 455 Est
1627 414 1792 457 autem
1813 399 2032 482 ἐσχάραι
2054 411 2242 474 graecis

293 483 466 545 focus,
528 479 700 541 altare,
765 490 812 530 et
845 473 1073 528 craticula
1099 494 1114 535 3
1177 476 1319 526 cuius
1359 471 1724 529 fimilitudinem
1763 496 1880 530 cum
1921 480 2050 549 pisce
2087 480 2243 535 hodie

295 562 601 626 ignoramus
697 590 701 595 «

292 675 295 678 «
442 626 599 695 Qod
620 624 832 695 denique
853 641 915 676 ex
934 617 1229 690 Aristotelis
1252 620 1445 693 ᾇυικὸις
1465 620 1594 691 apud
1613 619 1930 677 Athenaeum
1942 629 2041 677 VH.
2057 646 2102 695 p.
2122 647 2143 690 3
2157 646 2179 693 3
2193 648 2238 682 ο,

294 704 358 758 ad
381 700 720 768 cartilagineos
753 699 906 768 pisces
942 690 1213 772 (σελάχη)
1246 693 1521 747 referuntur
1546 714 1664 748 cum
1684 695 1841 760 bove,
1879 700 2115 768 pastinaca
2140 717 2239 754 tor-

293 776 503 848 pedine,
557 772 682 826 rubo
710 786 761 824 et
794 789 906 825 rana
941 775 1089 824 etiam
1123 768 1371 837 buglotta,
1422 769 1570 840 psetta
1592 783 1641 822 et
1660 789 1803 834 mus,
1863 790 2031 827 errore
2044 773 2237 841 ‚librarii

293 849 481 908 fastum
498 848 714 910 videtum
751 864 844 902 nec
865 849 976 920 quis
998 844 1078 898 ille
1097 863 1209 898 mus
1232 842 1552 912 intelligatur,
1589 859 1798 915 apparet.
1972 850 1973 853 ’

1087 985 1174 1039 Ad
1205 1003 1313 1057 pag.
1354 1003 1439 1049 4¹·

439 1083 697 1155 Anguillas
727 1084 972 1154 gravidaS,
1030 1085 1200 1136 mense
1231 1083 1460 1151 Augusto
1494 1094 1686 1152 captas,
1747 1082 1834 1135 ubi
1866 1082 2040 1154 pluviis
2068 1089 2237 1158 primis

288 1161 654 1214 autumnalibus
674 1165 725 1213 in
748 1177 881 1213 mare
902 1162 1143 1226 migrant,
1185 1172 1410 1210 accurate
1439 1150 1685 1228 inquifi‘vit
1708 1154 1901 1210 Ancon.
1932 1156 1995 1212 V
1989 1156 2236 1231 alisnieri,

286 1249 550 1306 partesque
569 1233 803 1303 genitales
823 1231 1007 1304 pidlura
1028 1232 1411 1302 repraesentavit.
1495 1235 1737 1285 Ovarium
1756 1231 1994 1300 fingulare
2013 1237 2052 1286 is
2074 1247 2237 1289 totum

286 1308 460 1377 infigni
480 1309 704 1363 vasorum
728 1308 1045 1380 adiposorum
1065 1305 1380 1379 multitudine
1405 1303 1624 1358 cinclum
1644 1306 1783 1368 vidit,
1820 1324 1945 1378 quae
1971 1312 2118 1360 etiam
2141 1309 2237 1379 ipsa

286 1382 575 1436 membrana
605 1385 816 1454 speciem
858 1381 1065 1448 oblongi
1094 1383 1373 1435 ornamenti
1414 1378 1607 1433 foliacei
1644 1385 1846 1448 gerente
1884 1380 2234 1449 albigabantur.

285 1460 427 1511 Haec
450 1458 553 1510 vasa
574 1458 767 1528 adiposa
788 1461 838 1509 in
862 1454 1088 1524 anguillis
1107 1475 1209 1510 non
1228 1453 1436 1523 gravidis
1457 1452 1669 1507 fimiliter
1691 1456 1903 1524 conspici
1925 1460 2002 1508 ait.
2047 1457 2235 1511 Eadem

286 1542 437 1586 utero
462 1535 637 1600 congri
666 1531 823 1585 adeffe
851 1534 950 1597 jam
973 1529 1097 1584 olim
1128 1530 1391 1584 admonuit
1411 1524 1741 1598 Aristoteles;
1779 1528 1933 1582 nihilo
1953 1543 2117 1582 tamen
2138 1534 2230 1602 mi-

287 1615 382 1659 nus
406 1611 457 1658 in
478 1620 620 1660 utero
648 1604 890 1674 anguillae
914 1603 1166 1658 aberravit.
1233 1606 1388 1658 Cuius
1409 1607 1586 1657 erroris
1608 1605 1799 1655 cauffim
1821 1603 2050 1672 indagare
2068 1604 2230 1659 studui

284 1683 384 1747 jam
408 1682 561 1749 supra.
625 1685 679 1732 In
701 1679 911 1748 anguilla
944 1693 1140 1732 uterum
1160 1697 1278 1730 cum
1297 1677 1519 1730 masculis
1541 1676 1830 1744 genitalibus
1855 1677 2071 1748 partibus
2095 1692 2229 1732 extra

279 1758 632 1825 'peritonaeum
663 1753 806 1807 fitum
835 1772 928 1806 ova
972 1756 1259 1805 racematim
1287 1750 1598 1804 cohaerentia
1627 1769 1796 1818 gerere
1824 1754 1933 1821 post
1969 1750 2028 1806 V
2026 1749 2229 1806 alisnie-

207 1871 209 1873 .
277 1825 421 1882 rium
442 1832 691 1896 annotavit
711 1827 787 1882 Cl.
808 1825 863 1881 B
867 1825 1116 1899 roztſjonet
1148 1830 1196 1878 in
1227 1825 1413 1895 Disput.
1436 1823 1605 1892 gallica
1637 1825 1699 1878 de
1721 1826 1986 1897 squammis
2008 1828 2230 1898 piscium,

286 1901 375 1954 ubi
397 1901 533 1954 fimul
551 1921 642 1955 ova
659 1900 983 1970 anguillarum
1004 1898 1320 1952 celerrimum
1342 1917 1515 1969 capere
1538 1903 1904 1953 incrementum
1919 1915 2010 1954 eta
2032 1900 2229 1956 feminis

287 1976 500 2046 gravidis
530 1979 581 2028 in
610 1994 754 2029 arena
779 1989 1007 2028 excavata
1032 1973 1217 2043 deponi
1241 1974 1517 2043 suspicatur.

283 2066 297 2121 j
436 2053 878 2120 Comparationem
900 2068 1018 2102 cum
1040 2052 1231 2119 viperae
1256 2049 1487 2100 intestinis
1513 2059 1564 2100 et
1582 2047 1841 2102 visceribus
1864 2051 2060 2102 instituit
2082 2046 2230 2104 Seve-

281 2121 399 2178 W'm‘
417 2129 713 2178 Zootomiae
737 2144 781 2195 p.
808 2144 926 2188 371.
1006 2125 1175 2177 Cranii
1197 2120 1608 2193 maxillarumque
1628 2120 1860 2175 fabricam
1883 2140 1931 2176 et
1951 2123 2228 2190 junciuram

286 2217 405 2250 cum
425 2203 604 2252 craniis
624 2203 789 2253 avium
812 2197 977 2251 multis
1009 2201 1138 2251 notis
1170 2200 1435 2250 convenire
1457 2199 1704 2250 annotavit
1725 2197 1799 2251 Cl.
1830 2194 2158 2271 Vich'azyr
2180 2202 2227 2250 in

285 2272 629 2327 Caracfferibus
655 2275 864 2343 piscium
891 2276 1194 2325 anatomicis.
1271 2270 1532 2338 Anguillas
1566 2270 1823 2324 Meffenias
1857 2268 2045 2326 Siciliae
2065 2276 2228 2327 omni-

285 2346 378 2400 bus
404 2347 602 2420 reliquis
627 2346 835 2418 praefert
866 2343 1232 2417 Areliestratus
1259 2345 1393 2414 apud
1427 2341 1740 2398 Athenaeum
1760 2351 1802 2398 V
1805 2351 1856 2398 ΙΙ.
1889 2367 1934 2417 p.
1960 2361 2081 2413 298.
2102 2364 2228 2418 quae

284 2420 424 2475 ‘nullo
455 2422 614 2476 modo
643 2441 760 2474 cum
786 2425 1033 2474 muraenis
1064 2419 1210 2491 plotis
1232 2423 1497 2490 permutari
1520 2418 1728 2481 debent,
1761 2439 1880 2491 quas
1901 2422 2031 2475 idem
2057 2420 2228 2475 audlor

283 2514 330 2566 p.
361 2515 383 2558 3
406 2514 477 2557 ¹3.
501 2497 756 2566 separatim
782 2499 1019 2549 nominat.
1096 2494 1190 2547 Sed
1208 2493 1347 2565 quod
1368 2492 1632 2561 anguillam
1662 2499 1893 2548 omnium
1920 2497 2125 2567 piscium
2150 2497 2228 2550 so-

282 2569 391 2622 lum
413 2566 676 2647 οέπύρημομ
708 2571 857 2632 dixit,
895 2570 943 2624 id
965 2571 1032 2622 est
1066 2567 1247 2622 nucleo
1279 2582 1552 2628 carentem3
1603 2566 1703 2621 hoc
1733 2588 1852 2624 vero
1884 2570 2043 2641 spinas
2076 2570 2228 2625 osseas

282 2643 489 2715 specht,
524 2659 607 2697 aut
631 2645 782 2698 alium
810 2644 950 2715 plane
977 2644 1165 2715 piscem
1195 2641 1434 2710 anguillae
1466 2639 1696 2703 fimilem3
1730 2658 1781 2696 ut
1813 2664 2101 2698 muraenam
2136 2648 2232 2698 flu-e

281 2718 507 2772 viatilem
532 2719 613 2773 seu
642 2733 1074 2791 petromyzontem
1101 2717 1180 2771 alii
1207 2735 1458 2788 apyrenon
1488 2715 1758 2781 dixerunt,
1809 2723 2057 2793 ‘quoniam
2093 2720 2225 2791 spina

283 2792 417 2846 offea
439 2808 583 2846 caret.
665 2861 671 2863 s

437 2868 700 2936 Anguillae
733 2873 783 2921 in
814 2866 1091 2923 ventriculo
1122 2864 1382 2931 alcyonem
1410 2865 1697 2919 devoratam
1717 2866 1837 2918 dum
1862 2869 1911 2918 in
1932 2867 2225 2938 aquaspisca-

283 2938 429 2993 batur
457 2943 582 2997 vidit
606 2958 656 2997 et
684 2946 879 2998 testatur
908 2940 1154 3014 Grignon
1183 2939 1454 2994 Me‘moires
1484 2940 1563 2993 sur
1589 2939 1709 2994 l'art
1739 2941 1800 2994 de
1828 2938 2071 3015 fabriquer
2093 2942 2136 2995 le
2155 2938 2226 2996 fer

278 3031 335 3084 p.
356 3033 481 3081 422.-

280 3110 282 3112 v
1229 3147 1297 3199 Ss
1340 3160 1369 3196 2
1429 3138 1433 3142 ⁴
2138 3141 2225 3198 Ad
