2571 3775
1040 317 1333 337 ““““““““““““
2030 322 2134 374 137

243 451 294 492 et
324 438 597 491 centn-inem
626 430 822 502 agnosci
852 428 1040 500 spiculo
1074 427 1136 481 ad
1166 430 1376 498 primam
1406 425 1535 483 dorii
1562 432 1762 499 pinnam
1793 434 2013 505 appofito‘
2043 443 2126 502 ait,

242 530 346 583 quo
368 511 544 564 fimiles
561 520 768 560 careant.
825 504 1032 557 Videtur
1053 506 1199 570 igitur
1219 502 1481 556 notidanus
1502 522 1690 557 nomen
1706 511 1955 576 accepisse,
1985 514 2124 585 quod

240 585 482 655 spiculum
506 583 674 634 nonin
696 581 866 648 capitis
888 581 1090 639 vicinia,
1129 576 1209 628 sed
1235 579 1287 629 1’11
1319 576 1464 631 dorso
1497 582 1736 631 remotius
1752 617 1767 643 ,
1819 585 1978 636 versus
2011 607 2124 641 cau-

237 659 384 718 dam,
417 658 645 724 inpinna
680 651 896 720 gerebat.
979 650 1250 705 Acanthias
1280 650 1456 704 dicitur
1485 650 1613 705 solus
1645 672 1733 706 cor
1766 669 2125 725 pentagonum,

239 733 324 784 seu
344 732 564 801 quinque
583 725 772 795 angulis
793 724 1073 779 distin6³tum
1095 723 1292 777 habere.
2002 728 2005 731 ’

255 842 259 846 -
383 807 669 873 Priusquam
693 800 753 853 ab
779 797 1048 870 Aristotele
1077 798 1302 861 discedo,
1342 802 1515 852 veteris
1538 803 1684 853 etiam
1704 798 1934 855 versionis
1955 817 2129 853 recor*

233 876 338 929 dari
368 875 608 929 ledlorem
641 874 790 937 vols),
838 875 971 927 unde
1007 872 1150 926 du8ta
1181 873 1314 934 sunt,
1364 890 1489 943 quae
1524 873 1672 926 habet
1706 874 1829 928 liber
1862 874 1923 926 de
1952 892 2119 928 rerum

235 964 403 1003 natura
432 950 561 1022 apud
601 947 664 1003 V
658 946 926 1002 iacentium
950 953 1096 1002 XVII.
1129 965 1231 1016 cap.
1272 967 1291 997 1
1312 951 1390 998 16.
1499 947 1696 1009 Galata,
1750 963 1883 1002 extra
1920 967 2118 1001 morem

232 1029 465 1077 omnium
487 1023 772 1077 animalium
791 1041 906 1075 cum
929 1020 1091 1075 foetus
1113 1026 1162 1074 in
1183 1020 1294 1073 alvo
1321 1021 1410 1073 suo
1432 1023 1594 1073 vivere
1626 1021 1817 1075 senserit
1832 1060 1846 1084 ,
1887 1020 1996 1074 illos
2029 1041 2117 1075 ex-

230 1100 401 1159 trahit3
439 1114 488 1151 et
511 1097 543 1152 fi
566 1097 768 1169 quidem
789 1114 876 1149 eos
902 1096 963 1148 ad
983 1099 1136 1148 vitam
1156 1108 1376 1147 maturos
1395 1096 1661 1157 invenerit,
1708 1093 1826 1149 foris
1854 1094 2114 1167 relinquit3

229 1169 298 1225 fin
316 1185 508 1234 autem,
546 1191 636 1225 eos
667 1175 715 1224 in
749 1174 1037 1232 matricem,
1072 1183 1124 1222 ut
1152 1165 1443 1230 foveantur,
1477 1172 1689 1238 reponit.
1763 1169 1951 1223 Eadem
1972 1169 2116 1222 tradit

228 1245 344 1298 inde
376 1240 624 1299 Albertus
652 1250 825 1299 XXIV.
863 1264 909 1315 p.
946 1262 1066 1310 243.
1104 1242 1185 1296 sed
1215 1238 1481 1296 Galalomn
1520 1246 1759 1296 nominat.
1859 1242 2114 1297 Obscurus

227 1318 400 1374 audior
420 1315 640 1392 (Joratlz
659 1319 787 1389 apud
825 1317 881 1373 V
883 1315 1149 1372 iacentium
1172 1334 1276 1386 cap.
1304 1334 1386 1382 29.
1419 1316 1561 1370 Piscis
1592 1316 1742 1370 abren
1773 1316 1895 1372 hora
1923 1331 2113 1389 tempe-

226 1395 354 1447 statis
371 1397 518 1447 maris
546 1409 686 1448 natos
708 1394 820 1447 suos
850 1396 901 1445 in
930 1406 1099 1445 ventre
1127 1390 1292 1453 fiilvat,
1331 1403 1381 1442 et
1408 1392 1514 1459 post
1550 1393 1887 1462 tempestatem
1922 1396 2112 1446 evomit

226 1485 330 1521 eos.
413 1469 608 1522 Eodem
639 1487 702 1520 ex
735 1481 907 1520 autore
941 1463 1094 1520 Conr.
1122 1463 1315 1534 Gesner
1344 1463 1560 1534 Aquatil.
1592 1484 1640 1534 p.
1666 1482 1789 1529 725.
1849 1460 2111 1520 Abremon

224 1540 416 1604 laudat,
442 1543 633 1605 nescio,
666 1561 768 1614 quo
792 1540 919 1595 libro
940 1541 1066 1595 usus,
1141 1535 1351 1593 Plinius
1372 1538 1647 1608 alopeciam
1662 1542 1884 1593 nominat
1906 1545 2108 1593 XXXII.

223 1633 327 1686 cap.
361 1635 378 1666 1
397 1634 438 1667 1.
474 1617 606 1670 idem
631 1633 733 1687 cap.
758 1634 804 1681 3.
837 1615 1033 1685 galeum
1053 1611 1172 1668 alios
1197 1616 1344 1666 etiam
1371 1613 1523 1683 pisces
1552 1612 1631 1666 sed
1659 1616 1882 1683 inprimis
1901 1616 2109 1684 pastina-

222 1708 335 1743 cam
364 1689 636 1743 aculeatam
668 1691 889 1762 persequi
919 1686 1077 1743 refert.
1186 1690 1349 1743 Canes
1378 1690 1597 1741 marinos
1625 1691 1847 1741 comitari
1885 1687 2112 1743 conchas

219 1761 590 1832 margaritiferas
611 1762 756 1818 refert
783 1769 863 1816 IX.
886 1782 986 1833 cap.
1005 1781 1028 1825 3
1043 1781 1086 1821 ς.
1122 1775 1171 1814 et
1187 1759 1393 1815 similem
1415 1758 1628 1814 fabulam
1648 1761 1794 1815 habet
1804 1759 2105 1835 Procopius

219 1837 284 1890 de
307 1838 439 1892 bello
461 1836 646 1893 Perfico
667 1843 700 1891 I.
724 1857 826 1909 cap.
850 1858 898 1903 4.
935 1836 1018 1890 sed
1045 1855 1109 1890 ex
1131 1832 1403 1906 Aristotele
1435 1834 1552 1889 nihil
1581 1835 1723 1905 plane
1752 1836 1814 1889 de
1843 1836 2104 1905 galeorum

220 1930 403 1979 genere
427 1912 669 1967 transtulit
694 1909 915 1967 Plinius.
995 1912 1157 1964 Restat
1188 1927 1310 1977 ergo
1338 1909 1468 1963 solus
1493 1907 1754 1964 Aelianus.
1829 1916 1924 1965 Hic
1953 1915 2102 1980 igitur

219 1991 254 2038 Ι.
282 2004 363 2048 17.
411 2004 587 2039 canem
615 1991 860 2040 marinum
896 1979 1083 2052 (κύων)
1127 1982 1289 2037 foetus
1333 1985 1538 2037 instante
1565 1985 1788 2053 periculo
1818 1989 1870 2039 in
1900 2001 2100 2039 uterum

217 2079 508 2131 recuperare
528 2058 701 2122 refert3
744 2061 823 2114 sed
854 2078 915 2112 ex
948 2055 1193 2131 Oppiam
1213 2057 1384 2112 locum
1404 2058 1621 2110 traduxit
1638 2064 1672 2110 Ι.
1697 2077 1820 2124 734.
1912 2063 2098 2113 Iterum

218 2139 323 2186 XV.
358 2155 375 2185 1
393 2155 434 2186 1.
474 2134 641 2202 galeos
686 2154 746 2188 ex
799 2132 1226 2201 cartilagineorum
1276 2150 1456 2200 genere
1509 2135 1615 2184 cani
1655 2131 1832 2187 fimiles
1879 2133 1974 2187 effe
2019 2139 2098 2187 ait.

215 2207 412 2261 Deinde
434 2212 562 2261 XIV.
586 2226 688 2278 cap.
707 2226 789 2272 24.
824 2209 1007 2260 aestatis
1039 2205 1200 2259 calore
1230 2204 1450 2258 fervente
1475 2224 1618 2258 canes
1647 2225 1855 2274 magnos
1886 2222 1935 2260 et
1967 2223 2099 2262 ceta-

217 2300 336 2335 ceos
365 2297 426 2335 ex
449 2281 548 2336 alto
577 2285 699 2336 mari
727 2281 787 2334 ad
810 2280 948 2334 litora
981 2281 1169 2342 saxosa,
1205 2280 1350 2341 vada,
1392 2294 1442 2332 et
1468 2283 1696 2348 angustos
1724 2280 2098 2355 profundosque

214 2370 387 2426 portus
409 2356 642 2410 accedere
677 2360 766 2417 ait,
807 2357 1099 2422 congregari
1123 2367 1288 2407 autem
1309 2356 1532 2423 inprimis
1550 2354 1610 2406 ad
1633 2352 1733 2407 fuci
1754 2374 1908 2424 genus
1933 2360 1982 2408 in
2013 2376 2096 2428 pe-

214 2434 299 2482 tris
320 2434 465 2483 maris
487 2427 722 2499 profundi
746 2430 918 2498 asperis
952 2430 1196 2491 crescens,
1245 2430 1447 2500 ejusque
1476 2429 1623 2482 succo
1650 2431 1897 2484 venenoso
1926 2429 2098 2487 hausto

214 2518 267 2557 et
287 2521 374 2558 ore
406 2517 454 2556 et
477 2503 720 2557 branchiis
754 2506 897 2556 mori.
973 2503 1186 2556 Galeum
1223 2502 1359 2554 idem
1381 2506 1434 2554 11.
1460 2521 1480 2558 ς
1498 2520 1540 2565 50
1579 2521 1667 2556 ore
1698 2523 1864 2574 parere
1893 2509 2097 2559 iterum-

213 2596 312 2650 que
348 2578 626 2631 eademfvia
660 2581 875 2646 recipere
904 2579 982 2629 ait.
1093 2576 1313 2629 Eandem
1337 2573 1551 2629 fabulam
1582 2583 1757 2647 repetit
1781 2584 1862 2631 IX.
1893 2586 1977 2644 65.
2013 2581 2096 2633 sed

212 2652 478 2723 prudenter
499 2652 603 2705 satis
629 2652 789 2712 addit,
822 2649 941 2705 alios
962 2670 1064 2705 non
1087 2668 1255 2722 parere
1284 2668 1370 2703 ore
1408 2669 1525 2703 eum
1552 2651 1744 2714 dicere,
1787 2653 1868 2705 sed
1903 2654 2094 2709 'catulos

211 2730 267 2778 in
302 2725 523 2796 periculo
561 2727 722 2779 solum
758 2728 974 2794 recipere
1011 2744 1111 2778 ore.
1223 2728 1453 2794 Denique
1472 2730 1505 2776 Ι.
1545 2731 1621 2777 16.
1657 2724 1891 2794 glaucum
1931 2744 2091 2783 narrat

210 2799 381 2853 sedulo
404 2799 567 2854 foetus
586 2801 697 2855 fuos
717 2799 988 2862 custodire,
1035 2814 1085 2852 et
1104 2798 1269 2870 aliquo
1288 2797 1509 2867 periculo
1532 2801 1735 2853 instante
1758 2816 1981 2873 receptos
2001 2821 2091 2856 ore

211 2872 523 2927 abscondere.
600 2882 788 2929 Verum
811 2876 957 2926 etiam
980 2872 1113 2929 hunc
1134 2873 1301 2926 locum
1323 2890 1384 2924 ex
1406 2869 1693 2943 Oppiamal.
1718 2893 1748 2937 7
1762 2896 1840 2941 59.
1860 2876 2089 2931 traduxit.

210 2950 362 3001 Poeta
393 2962 557 3001 tamen
586 2949 721 3002 hunc
760 2946 991 3016 glaucum
1025 2951 1151 3000 inter
1188 2950 1416 3016 oviparos
1448 2947 1599 3015 pisces
1630 2946 1774 3001 refert
1805 2949 1942 3001 versu
1963 2967 2089 3012 750..

209 3036 357 3092 atque
379 3040 495 3074 eum
510 3022 653 3091 pullis
676 3022 876 3076 affidere
896 3026 976 3081 ait,
1005 3021 1126 3074 dum
1145 3020 1232 3075 fint
1258 3025 1366 3074 ozris
1386 3019 1750 3083 atlhucinclufi3
1790 3018 2092 3091 (ὑπ’ωοῖδιοι)

209 3099 359 3165 igitur
378 3100 462 3158 vix
482 3096 754 3166 intelligere
784 3096 897 3152 licet
925 3094 1049 3164 galei
1073 3114 1257 3166 geum,
1314 3092 1400 3151 nisi
1429 3090 1706 3166 Oppianus
1737 3110 1909 3167 utpote
1942 3112 2091 3166 poeta

1221 3172 1253 3223 S
1883 3174 2092 3243 ineptire
