2571 3775
461 350 533 415 96
880 388 882 390 .
1258 322 1550 371 ...ι-.-

459 468 717 530 contracto
743 465 989 522 vocabulo
1019 465 1221 531 Βῶπες,
1259 456 1506 515 Marcello
1535 460 1640 514 sunt
1678 454 2010 536 βέφθωλμοι
2045 461 2221 515 eadem
2248 480 2352 516 no,

462 554 612 603 tione.
670 540 848 601 Plinio
883 544 1085 594 XXXII.
1117 555 1219 608 cap.
1254 554 1330 587 11.
1378 538 1663 589 nominatur
1700 537 1849 589 semel
1881 546 2003 593 Box,
2079 540 2345 597 Gramma..

463 629 589 678 ticus
614 618 817 691 festam
855 621 1039 678 BoeaS,
1077 614 1261 684 inquit,
1301 628 1457 678 genus
1476 610 1617 680 piscis
1639 628 1667 663 a
1689 609 1917 674 boando,
1964 611 2016 663 id
2036 613 2129 673 est,
2164 629 2346 666 vocem

463 696 742 752 emittendo
771 689 1048 763 appellatur.
1138 683 1447 757 Speustppus
1485 685 1615 755 apud
1657 682 1972 739 Athenaeum
2008 691 2106 738 VII.
2144 705 2188 758 p.
2226 693 2348 745 286.

465 770 682 826 maenidi
711 766 919 821 similem
946 762 1076 816 facit.
1164 758 1464 831 Kyranides
1506 759 1680 812 latinae
1720 756 1906 813 Riviwi
1937 779 1984 831 p.
2014 779 2128 826 ¹42·
2187 757 2350 827 bobes

465 846 640 902 fimiles
666 843 824 914 parvis
847 835 1060 909 cephalis
1082 831 1281 888 faciunt.
1323 836 1492 886 Lineis
1514 836 1566 886 in
1591 834 1737 886 dorso
1759 832 1947 904 piestum
1969 838 2033 887 ait
2051 832 2349 906 Aristoteles

464 920 594 992 apud
614 914 942 972 Athenaeum.
1017 914 1222 980 Sparum
1242 906 1531 962 cantharum
1550 908 1699 961 hodie
1723 926 1750 960 a
1773 910 1978 961 Graecis
1999 912 2159 970 Βὲπω
2184 908 2349 980 appel..

464 995 549 1048 lari
571 992 774 1047 'annetat
791 985 849 1045 F
844 981 1018 1059 orskb'l
1040 984 1276 1053 Descript.
1298 980 1514 1034 Animal.
1531 1001 1578 1052 p.
1596 986 1723 1034 XIV.
1797 986 1911 1037 Vox
1930 984 2065 1053 piscis
2089 997 2349 1054 poetarum

466 1083 658 1125 tantum
679 1068 804 1134 jocis
828 1077 874 1117 et
901 1059 1080 1114 lufibus
1101 1057 1340 1111 celebrata
1363 1070 1413 1110 et
1441 1075 1502 1109 ex
1525 1055 1825 1125 etymologia
1850 1056 2076 1110 vocabuli
2102 1052 2227 1125 βῶξ
2243 1073 2351 1111 orta

467 1147 550 1198 est.
583 1156 585 1159 ’
610 1142 703 1194 Sed
725 1144 850 1193 inter
874 1137 1242 1190 Grammaticos
1264 1146 1452 1185 veteres
1473 1130 1531 1184 lis
1566 1145 1668 1185 erat
1691 1146 1740 1183 et
1759 1133 2006 1203 quaestio,
2047 1130 2292 1185 reciiusne
2321 1150 2350 1185 a

468 1236 593 1274 voce
616 1216 768 1270 boces
792 1232 853 1266 an
875 1210 934 1263 ab
954 1208 1110 1263 oculis
1130 1205 1324 1260 bubulis
1348 1207 1430 1259 seu
1450 1210 1640 1274 magnis
1660 1204 1813 1276 bopes
1836 1203 2172 1277 appellentur?
2211 1244 2216 1248 .

613 1293 822 1357 valq,
856 1287 1062 1338 Maenis.
1101 1277 1396 1351 Aristoteles
1423 1283 1487 1332 H.
1508 1283 1570 1333 A.
1591 1285 1673 1332 IX.
1697 1299 1741 1332 2.
1781 1285 1831 1334 in
1854 1299 2005 1350 grege
2023 1285 2197 1335 vivunt
2214 1298 2353 1334 mae-

326 1399 334 1410 ·
374 1394 385 1406 ·
469 1366 620 1422 nides.
687 1369 766 1417 VI.
800 1381 878 1425 17.
929 1361 1039 1429 post
1079 1355 1307 1410 brumam
1346 1356 1429 1407 seu
1467 1353 1836 1427 aequiuoclium
1874 1361 2092 1426 pariunt,
2141 1356 2352 1427 piscium

469 1443 699 1496 omnium
724 1434 1144 1491 foecundiffimae.
1189 1429 1274 1482 ubi
1299 1425 1510 1483 Alberti
1530 1427 1686 1482 veri-»io
1707 1427 1936 1496 mendae,
1973 1430 2156 1483 deinde
2184 1426 2354 1483 meniz

471 1518 707 1570 nominat.
770 1516 855 1565 VI.
881 1526 960 1572 15.
1007 1505 1257 1560 maenides
1289 1521 1460 1574 parvas
1492 1506 1542 1556 in
1573 1508 1944 1574 comparatione
1977 1523 2093 1558 cum
2119 1503 2356 1574 pisciculo

471 1591 641 1661 aliquo
662 1589 897 1641 nominat.
947 1587 1069 1634 VIII.
1090 1599 1168 1643 30.
1206 1582 1394 1632 maenis
1414 1578 1610 1646 gravida
1634 1582 1683 1632 in
1703 1577 1817 1633 cibo
1830 1583 2018 1650 optima
2041 1582 2135 1640 est3
2170 1576 2352 1632 femina

470 1663 633 1720 forma
663 1663 731 1716 est
758 1657 1076 1718 rotundiore‚
1121 1671 1226 1708 mas
1250 1671 1372 1706 vero
1394 1652 1593 1721 longior
1614 1666 1662 1705 et
1682 1651 1838 1708 latior.
1924 1657 2059 1708 Cum
2091 1652 2231 1708 foetu
2259 1656 2354 1706 im-

471 1739 593 1812 pleri
612 1736 791 1791 femina
809 1736 979 1802 incipit
999 1733 1144 1784 maris
1169 1727 1309 1783 color
1328 1731 1379 1780 in
1398 1731 1667 1795 nigriorem
1689 1726 1939 1799 plurisque
1970 1732 2212 1781 varietatis
2242 1746 2355 1780 mu-

476 1829 628 1876 tatur,
664 1825 714 1864 et
744 1828 859 1862 caro
882 1806 996 1860 cibo
1016 1806 1073 1857 fit
1096 1804 1372 1856 deterrima.
1455 1807 1708 1856 Vocantur
1745 1815 1849 1853 tum
1882 1820 1910 1855 a
1945 1802 2195 1856 nonnullis
2234 1802 2356 1855 hirci

472 1883 730 1967 (τράγοι).
803 1884 980 1935 Smaris
1009 1882 1156 1932 etiam
1191 1891 1243 1930 ut
1271 1878 1460 1928 maenis
1487 1889 1644 1928 mutat
1674 1875 1925 1939 colorem,
1980 1891 2029 1930 et
2057 1879 2230 1930 aestate
2261 1896 2354 1946 pro

455 1950 585 2016 ‘fflbo
622 1962 893 2028 nigriorem
924 1954 1162 2014 induunt,
1229 1954 1315 2021 qui
1343 1953 1562 2003 maxime
1601 1955 1650 2003 in
1689 1954 1850 2020 pinnis
1890 1965 1938 2004 et
1978 1950 2226 2003 branchiis
2270 1951 2355 2004 seu

471 2034 821 2091 branchiarum
841 2027 1084 2100 operculis
1111 2025 1424 2095 conspicitur.
1508 2030 1582 2077 Ex
1605 2024 1704 2078 hoc
1725 2024 1840 2079 loco
1863 2030 2192 2079 mutationem
2214 2024 2356 2080 colo-

473 2117 536 2165 ris
561 2112 735 2180 repetit
764 2100 1013 2160 Aelianus
1036 2105 1141 2155 XII.
1169 2112 1252 2158 28.
1287 2103 1371 2170 qui
1391 2097 1510 2151 alibi
1527 2104 1559 2152 I.
1589 2111 1667 2159 58.
1707 2117 1908 2168 parvam
1930 2101 2213 2154 maenjdem
2236 2119 2355 2154 cum

475 2184 692 2239 chalcide
711 2184 948 2234 nominat.
1019 2181 1074 2229 In
1093 2174 1208 2229 loco
1232 2176 1485 2244 postremo
1519 2170 1817 2242 Aristoteles
1856 2173 2007 2242 vulgo
2040 2174 2218 2242 legitur
2249 2193 2355 2227 ma..

475 2279 583 2314 rem
611 2258 703 2311 effe
729 2256 1037 2311 craffioren13
1075 2243 1442 2325 (παχύτερον)
1475 2248 1556 2300 sed
1585 2246 1853 2300 lechonem
1880 2244 2221 2324 πλατύτερον
2249 2253 2275 2301 j,
2310 2267 2355 2302 e.

477 2335 703 2398 latiorem
731 2348 792 2382 ex
815 2327 1007 2382 Codice
1027 2324 1261 2378 Mediceo
1282 2320 1414 2374 recle
1434 2322 1650 2390 reposuit
1672 2318 1884 2383 Camm,
1932 2322 2246 2393 adstipulante
2270 2341 2354 2377 ve-

479 2423 581 2462 tere
601 2403 820 2459 verfione
841 2394 1128 2471 Anonymi,
1167 2393 1310 2450 Scoti
1329 2409 1377 2448 et
1397 2392 1592 2449 Gazae.
1665 2394 1868 2468 Ubique
1891 2393 2047 2450 Gaza
2067 2396 2255 2450 alecem
2278 2400 2354 2450 in-

479 2493 765 2555 terpretatus
789 2478 856 2529 est
878 2472 1172 2527 maenidem.
1245 2473 1478 2540 Denique
1496 2474 1574 2523 Vl.
1604 2487 1682 2532 15.
1716 2488 1895 2540 apuam
1925 2469 2138 2542 aliquam
2167 2475 2356 2524 maeni-

478 2559 553 2610 dis
576 2554 768 2609 foetum
786 2550 881 2604 effe
905 2548 1062 2602 tradit.
1099 2545 1184 2599 ubi
1207 2539 1415 2598 Alberti
1436 2542 1590 2597 verfio
1614 2542 1848 2617 mel-ydus
1869 2549 2106 2599 nominat.
2149 2543 2355 2618 Oppia-

477 2648 573 2686 πως
591 2635 624 2682 I.
650 2640 768 2686 108.
811 2623 1060 2677 maenides
1079 2635 1128 2673 et
1150 2619 1316 2672 hircos
1337 2636 1431 2670 una
1451 2622 1700 2681 nominat,
1749 2634 1798 2672 et
1827 2635 2093 2691 utrumque
2123 2625 2170 2672 in
2200 2620 2357 2673 litori-

477 2707 570 2759 bus
594 2701 765 2772 algosis
786 2698 872 2753 sub
893 2696 1060 2751 herbis
1081 2695 1261 2764 degere
1284 2696 1362 2746 ait.
1438 2690 1719 2747 Marcellus
1742 2697 1893 2747 etiam
1909 2693 2095 2748 Sidetes
2118 2695 2353 2754 versueg.

477 2791 645 2852 Ρῖῑῑῡέῐ5
686 2773 936 2830 maenides
986 2784 1037 2824 et
1078 2787 1160 2835 23·
1222 2767 1391 2821 hil‘COS
1446 2769 1783 2847 (τραγίσκον)
1828 2769 2080 2838 separatim
2114 2772 2355 2821 nominat.

477 2851 687 2911 ‘Plinius
714 2854 795 2902 IX.
822 2866 904 2907 25·
937 2859 1127 2900 mutant
1146 2841 1370 2897 colorem
1394 2842 1628 2894 candidae
1648 2843 1813 2896 hieme
1835 2860 2041 2895 maenae
2064 2857 2112 2896 et
2128 2844 2254 2895 fiunt
2272 2861 2355 2895 ae-

480 2928 889 2994 state'nigriores3
941 2938 1091 2992 quem
1123 2917 1291 2971 locum
1322 2914 1506 2989 absque
1545 2915 1832 2970 auctoritate
1868 2916 2117 2971 Codicum
2146 2919 2352 2986 peffime

481 3004 685 3055 mutavit
727 2992 1048 3052 Hmdm'mw.
1090 3024 1092 3026 ν
1125 2996 1335 3045 Parvum
1373 3004 1567 3059 tragum
1606 3005 1660 3043 ut
1693 3010 1720 3043 a
1752 2989 1891 3044 nullo
1932 2990 2028 3045 alio
2067 2991 2255 3044 dicium
2290 3009 2353 3044 ex

484 3072 676 3128 Ovidio
700 3082 1064 3125 commemorat
1082 3063 1291 3122 Plinius
1311 3069 1510 3118 XXXII.
1538 3084 1578 3117 c.
1615 3084 1631 3116 1
1651 3085 1690 3117 1.
1777 3070 1830 3117 In
1853 3061 2037 3120 Ovidii
2054 3065 2353 3127 HalieuticQ

486 3148 623 3201 versu
665 3164 779 3198 121.
828 3143 1007 3199 Aldina
1055 3142 1207 3195 editio
1239 3138 1407 3194 habet:
1463 3139 1887 3212 Foecundumque
1921 3158 2078 3208 genus
2107 3139 2358 3193 Menerela

2183 3217 2363 3268 miros<
