2571 3775
983 339 1275 374 ···········'
1947 350 1958 355 “
1994 348 2100 415 '149

207 475 391 531 Habuit
418 475 564 544 igitur
575 464 839 524 ‘Aelianus'
853 469 905 521 in
925 466 1015 521 suo
1035 469 1211 523 codice
1243 466 1514 539 phalaenae·
1545 486 1731 524 nomen
1758 490 1850 543 pro
1882 474 2099 545 phocae-

208 565 300 606 nae
321 552 578 620 scriptum,
615 542 1045 617 quemadmodum
1066 544 1169 598 duo
1193 548 1343 607 etiam
1366 547 1580 599 Codices
1607 565 1710 600 uno
1727 550 1777 599 in
1798 546 1912 603 loco
1935 552 2096 620 phoca

208 624 517 700 praeferunt3
551 619 706 672 altero
726 621 875 671 etiam
887 620 1068 674 Codex
1088 622 1273 689 Regius
1296 617 1587 690 phalaenam
1609 640 1702 692 pro
1724 621 1978 692 phocaena
2004 645 2096 680 no-

209 706 374 756 minat.
450 701 636 748 Iterum
661 689 958 764 Aristoteles
979 699 1098 749 VIII.
1131 713 1210 759 13.
1250 698 1301 747 in
1326 700 1487 750 Ponto
1508 710 1697 767 praeter
1717 696 2024 768 phocaenam
2047 713 2097 754 et

209 773 495 844 delphinem
510 768 640 823 nulla
662 766 822 821 bellua
845 770 929 831 est,
970 784 1020 823 et
1036 770 1132 841 ipse
1153 768 1342 840 delphis
1367 772 1468 824 istic
1487 789 1662 842 parvus
1677 774 1758 826 est.
1834 777 1991 827 Etiam
2014 773 2102 827 hic:

206 848 316 902 l’ibri
347 845 465 900 editi
486 845 746 915 hucusque
777 844 1003 914 scriptam
1021 844 1265 898 habebant
1285 844 1600 916 phalaenam;
1655 847 1736 900 sed
1760 866 1948 902 nomen
1966 848 2095 919 pho-

208 940 387 976 caenae
409 918 677 991 approbant
690 919 912 974 Codices.
931 939 1110 974 omnes
1135 938 1162 973 a
1183 916 1369 974 Carnus
1389 925 1676 991 comparati,
1698 919 1943 977 verfiones
1966 923 2094 977 duae

205 1002 431 1069 antiquae
452 1009 499 1048 et
522 992 693 1049 Gaza.
777 1000 967 1048 Verum
989 992 1200 1050 Plinius
1224 1009 1272 1048 et
1289 991 1536 1049 Aelianus
1557 1001 1639 1048 IX.
1667 997 1750 1062 59ss
1792 1010 1843 1051 et
1873 995 2093 1052 Plutar-

205 1068 328 1126 chus
348 1071 410 1124 de
432 1068 634 1123 Solertia
656 1088 701 1139 p.
722 1080 787 1134 98
805 1087 846 1121 1.
873 1069 1094 1139 phocam
1118 1088 1180 1122 ex
1205 1069 1305 1124 hoc
1327 1069 1443 1124 loco
1470 1073 1745 1124 nominant.
1822 1068 1980 1127 Gaza
2010 1071 2096 1125 tir-

203 1147 392 1202 fionem
426 1148 769 1215 interpretatur
792 1162 854 1197 ex
876 1141 1052 1198 Plinio
1083 1150 1163 1197 IX.
1200 1163 1240 1197 e.
1263 1165 1311 1211 9.
1372 1143 1727 1216 delphinorum
1758 1147 1796 1199 is
1824 1144 2099 1200 similitudi-

206 1240 323 1274 nem
352 1218 531 1273 habere
564 1216 675 1282 aits
703 1222 787 1290 qui
821 1226 1064 1273 vocantur
1094 1219 1360 1281 tursiones;
1408 1220 1591 1273 destare
1624 1221 1805 1273 tristitia
1844 1220 2094 1291 aspedlu33

204 1294 362 1348 abesse
383 1299 517 1347 enim
538 1293 669 1347 illam
689 1293 957 1355 lasciviam3
1004 1298 1224 1348 maxime
1243 1309 1413 1348 tamen
1431 1295 1594 1348 rostris
1621 1293 1955 1349 canicularum
1988 1315 2098 1365 ma·-

202 1370 476 1424 leficentiae
509 1368 783 1423 affimulari.
860 1369 955 1422 Sed
979 1369 1246 1424 turfionem
1267 1368 1466 1423 aliunde
1486 1388 1588 1435 non
1609 1374 1869 1433 novimus,
1913 1370 1997 1425 nifi
2028 1390 2093 1425 ex

203 1441 484 1507 Athenaeo³
513 1449 598 1516 qui
619 1447 750 1497 canis
773 1444 1047 1498 carchariae
1068 1459 1259 1516 partem
1279 1443 1495 1517 aliquam
1513 1444 1678 1498 fiilsam
1698 1459 1746 1498 et
1767 1445 2093 1499 suaviffimam

200 1539 228 1573 a
250 1524 488 1574 Romanis
507 1518 801 1592 'thyrfionem
822 1519 917 1574 dici
946 1523 1023 1572 ait.
1100 1520 1253 1574 Vides
1270 1521 1443 1588 igitur,
1495 1538 1615 1591 quas
1637 1523 1784 1572 etiarn
1815 1519 1901 1573 hic
1924 1519 2095 1575 turbas

202 1595 444 1648 ediderint
480 1593 953 1649 salssmientariorum
993 1594 1247 1658 officinae,
1315 1593 1602 1649 nominibus
1639 1612 1815 1648 eorum
1849 1597 1901 1646 in
1935 1609 2093 1648 artem

199 1669 439 1723 translatis
464 1683 511 1721 et
534 1668 707 1722 libros!
764 1668 1077 1722 Phocaenam
1098 1673 1147 1723 in
1170 1672 1294 1722 mari
1315 1669 1676 1723 mediterraneo
1701 1688 1727 1722 a
1753 1672 1959 1723 Graecis
1981 1687 2093 1730 raro

199 1754 285 1798 aut
305 1762 559 1816 nunquam
580 1744 728 1796 vistim
750 1740 914 1818 fuisse,
945 1742 1058 1796 licet
1082 1763 1143 1796 ex
1165 1743 1239 1797 his
1264 1743 1499 1797 omnibus
1525 1743 1771 1813 colligere.
1884 1747 2096 1798 Tertius

200 1819 341 1873 loeus
363 1821 430 1872 est
448 1823 510 1870 H.
536 1820 600 1871 Α.
625 1822 698 1870 ΠΙ.
736 1816 935 1891 2>0.'1ubi
974 1832 1080 1871 cete
1114 1817 1266 1872 veluti
1299 1817 1521 1888 delphis,
1581 1819 1745 1890 phoca
1772 1833 1821 1872 et
1852 1818 2092 1890 phalaena

199 1913 441 1947 mammas
456 1897 564 1946 etin
586 1896 643 1946 iis
662 1891 736 1946 lac
747 1890 929 1947 habere
951 1892 1196 1947 dicuntur.
1270 1893 1367 1947 Sed
1379 1898 1527 1949 etiam
1541 1893 1621 1949 hic
1633 1895 1987 1951 restituendum
2000 1898 2094 1949 erit

197 1968 484 2039 phocaenae
511 1980 713 2022 nomen.
1181 1972 1183 1974 ’

351 2116 598 2192 Δελφίς,
636 2118 763 2185 ΐνὸς,
808 2111 1042 2187 Delphis,
1091 2109 1212 2179 inis,
1253 2130 1302 2176 et
1323 2114 1616 2186 Delphinus.
1691 2112 1991 2188 Aristoteles
2017 2121 2084 2171 H.

201 2193 266 2246 A.
288 2196 318 2244 Ι.
353 2212 396 2252 5·
435 2210 496 2244 ex
520 2190 808 2262 aquatilibus
831 2209 956 2262 quae
978 2206 1219 2244 vocantur
1240 2198 1375 2255 cete,
1414 2206 1467 2243 ut
1487 2190 1744 2260 delphinus
1764 2208 1814 2245 et
1844 2192 2084 2263 cartilagi-

201 2271 299 2329 ηεξ,
333 2266 502 2318 vivum
520 2263 698 2317 animal
717 2262 926 2334 pariunt.
967 2269 1168 2318 Horum
1189 2264 1345 2337 aliqua
1371 2283 1474 2319 non
1495 2264 1750 2319 branchias
1770 2268 1850 2319 sed
1874 2267 2084 2323 fistulam

199 2336 416 2410 (oe’va)
453 2339 658 2401 habent,
691 2338 843 2391 veluti
869 2337 1058 2410 delphis
1083 2354 1132 2393 et
1153 2338 1402 2411 phalaena.
1477 2339 1703 2403 Fistulam
1729 2340 1989 2411 delphinus
2012 2348 2088 2396 in-

199 2432 272 2470 ter
293 2416 521 2477 dorsum,
559 2408 671 2481 (3102
694 2408 941 2482 7511034-3)
969 2413 1206 2484 pha'laena
1234 2417 1282 2466 in
1313 2410 1493 2468 fronte.
1570 2411 1728 2469 Gaza
1761 2415 1843 2468 hic
1873 2416 2084 2471 fistulam

199 2509 223 2544 a
250 2491 396 2544 dorso
418 2493 573 2559 ponit.
668 2487 764 2540 Sed
785 2487 958 2541 clarius
982 2489 1078 2559 ipse
1100 2485 1400 2559 Aristoteles
1423 2488 1485 2540 de
1507 2488 1727 2543 Partibus
1757 2495 1834 2542 IV.
1868 2510 1970 2562 cap.
2002 2512 2084 2556 13.

199 2565 444 2635 delphini,
489 2565 675 2635 inquit,
708 2561 974 2635 phalaenae
1009 2578 1058 2617 et
1076 2562 1264 2634 reliqua
1296 2562 1371 2616 his
1403 2562 1711 2617 fimilia'cete
1733 2564 1977 2620 branchiis
2002 2587 2083 2621 ca-

199 2655 307 2695 rent
337 2653 385 2693 et
413 2637 593 2699 fistula,
633 2641 741 2709 quia
765 2636 1068 2707 pulmonem
1097 2637 1306 2702 habent,
1343 2637 1612 2691 humorem
1642 2658 1793 2711 quem
1825 2660 1913 2695 ore
1944 2660 2087 2695 rece-

198 2728 395 2787 perant,
438 2713 652 2766 reddunt
669 2710 1050 2766 minore'ta‘men
1071 2716 1232 2783 copia.
1341 2710 1481 2765 Nam'
1502 2728 1552 2766 et
1573 2713 1841 2786 humorem
1862 2721 2085 2786 recipere

198 2789 386 2843 n'eceffe
423 2786 630 2850 habent,
681 2786 920 2859 quoniam
956 2788 1005 2840 in
1051 2787 1175 2860 aqua
1217 2789 1439 2857 capiunt,
1475 2801 1524 2840 et
1567 2789 1823 2842 admissam
1857 2792 2079 2843 reddere.

199 2869 295 2918 Sita
324 2873 444 2917 vero
478 2861 588 2916 ant'e
618 2859 878 2915 cerebrum
905 2863 972 2915 est
1003 2862 1182 2934 fistula,
1239 2880 1301 2914 ne
1334 2860 1595 2931 postposita
1627 2864 1677 2916 id
1709 2869 2019 2934 interciperet
2052 2883 2080 2918 a

196 2942 344 3010 spina.
391 2943 423 2989 Ι.
460 2958 533 2989 ιι.
568 2940 630 2989 H.
662 2938 730 2989 A.
841 2935 1088 2990 Animalia
1118 2941 1330 3009 vivipara
1358 2940 1525 2988 omnia
1560 2955 1751 3006 praeter
1778 2939 1994 3008 phocam
2030 2953 2080 2992 et

197 3013 489 3085 delphinum
512 3023 558 3064 'et
578 3029 904 3084 quaecunque
923 3011 1010 3064 alia
1033 3013 1138 3065 simt
1159 3027 1352 3065 cetacea
1367 3048 1380 3073 ‚
1420 3009 1602 3063 habent
1620 3031 1778 3074 aures,
1816 3028 1865 3066 et
1887 3017 2082 3068 meatus

192 3086 500 3146 maxiifest'os&
534 3085 694 3155 phoca
717 3087 925 3157 quidem
946 3101 1134 3141 meatus
1156 3087 1426 3159 auditorios
1448 3084 1596 3138 habet
1615 3087 1925 3148 manifestos3
1974 3087 2078 3141 del-

189 3165 301 3235 phis
321 3182 486 3218 autem
508 3161 642 3215 audit
662 3162 866 3235 quidem
884 3161 992 3228 ille,
1021 3163 1103 3218 sed
1125 3181 1265 3217 aures
1290 3180 1392 3214 non
1414 3157 1573 3215 habet.
1686 3166 1751 3217 Ita
1780 3159 1960 3217 scilicet
1994 3163 2077 3214 hic

1167 3240 1220 3291 T
1259 3255 1282 3302 3
1936 3235 2082 3292 locus

2166 2122 2208 2165 Ρ.
2240 2132 2335 2175 105.

2138 2181 2219 2223 No.
2236 2191 2276 2222 2.
