2571 3775
947 338 1243 364 -“““““
1946 335 2051 396 14'3

167 481 484 522 ceraceorum
521 473 717 532 partum
767 466 818 508 et
851 450 1043 508 foetum
1084 452 1341 526 describit,-
1394 464 1605 523 excepto
1641 456 1785 523 priste
1827 471 1875 510 et
1912 456 2059 513 bove.

166 547 357 598 Contra
384 540 446 591 de
464 537 625 606 phoca
652 530 812 584 subito
836 531 971 592 infit,
1000 546 1211 601 eamque
1232 525 1442 594 fimilem
1470 526 1678 581 bovillae
1702 546 1882 582 vocem
1911 534 2059 585 edere

167 622 258 678 ait,
290 615 564 669 foeminam
584 625 704 660 vero
731 603 913 658 habere
943 607 1090 657 etiam
1109 603 1244 662 addit
1274 600 1499 670 genitalia
1520 601 1744 656 membra
1771 601 1936 656 fimilia
1970 601 2060 670 (2⁶3

122 737 142 754 κ
165 690 376 752 αἰδοῖον)
410 682 591 743 batidi,
639 680 719 748 (id
751 681 847 742 est,
892 678 992 732 bati
1025 696 1088 731 ex
1115 676 1378 748 planorum
1411 695 1594 747 genere
1622 675 1930 744 foeminae),
1981 697 2060 730 re-

164 765 295 834 liqua
325 777 449 823 vero
474 758 645 810 omnia
675 752 842 808 fimilia
869 751 1117 808 foeminae
1152 752 1360 806 homini.
1447 756 1502 803 In
1532 750 1631 804 hoc
1662 750 1782 805 loco
1802 749 1960 806 Gaza
1995 752 2061 805 de

164 854 289 891 voce
323 834 514 904 phocae
545 833 710 900 ponit:
760 825 993 899 mugitus
1027 825 1074 881 ei
1111 823 1165 880 in
1181 825 1392 899 somna,
1414 824 1417 827 ’
1438 844 1588 897 quam
1619 824 1885 879 lectionem
1917 845 2060 881 com-

163 916 409 967 memorat
440 910 590 959 etiam
608 909 741 974 Aug.
759 900 825 958 Ν
827 899 993 975 iphm.
1050 901 1147 954 Sed
1169 900 1422 968 vulgarem
1447 899 1713 953 lectionem
1745 900 1892 953 habet
1917 915 2062 954 vetus

163 983 318 1037 verfio
343 981 471 1052 apud
498 977 559 1035 V
557 976 824 1032 iacentium
844 982 989 1031 XVII.
1021 995 1124 1046 cap.
1157 995 1211 1038 ¹3
1228 996 1269 1037 5.
1299 988 1347 1027 et
1367 993 1469 1044 cap.
1501 995 1518 1027 1
1539 995 1555 1025 1
1573 987 1616 1033 8.
1646 989 1694 1027 et
1713 969 1921 1028 Alberti.
1963 975 2060 1028 Sed

159 1063 211 1112 in
235 1055 412 1111 Plinio
441 1060 522 1107 IX.
547 1072 649 1123 cap.
671 1071 748 1104 10.
781 1053 843 1105 de
857 1051 1013 1105 vitulo
1042 1054 1260 1104 marino:
1299 1048 1424 1118 ipfis,
1462 1052 1639 1119 inquit,
1675 1052 1727 1100 in
1747 1049 1870 1101 sono
1893 1053 2060 1116 mugi-

159 1147 265 1194 tus,
309 1131 440 1183 unde
465 1146 654 1181 nomen
686 1126 843 1179 vituli.
944 1121 1251 1178 Hermolaus
1285 1124 1501 1192 reposuit
1530 1126 1580 1175 in
1596 1120 1805 1195 somna,
1845 1140 2061 1193 eamque

158 1205 427 1259 lectionem
471 1207 525 1255 in
558 1203 644 1255 suo
675 1197 845 1255 Plinii
884 1201 1078 1253 Codice
1109 1212 1352 1268 repertam
1392 1199 1624 1267 pessime,
1674 1197 1755 1250 sed
1799 1216 1901 1250 non
1944 1215 2061 1251 raro

159 1279 420 1349 exemplo,
473 1277 535 1330 ad
563 1274 885 1329 Aristotelem
912 1272 1155 1341 transtulit
1189 1276 1350 1335 Gaza,
1407 1290 1469 1324 ex
1501 1275 1639 1337 cujus
1672 1270 1894 1325 versione
1921 1275 2065 1342 Aug.

159 1351 380 1425 Niplms
407 1354 570 1422 sapere
609 1350 784 1403 voluit.
894 1353 1144 1401 Praeterea
1185 1351 1235 1400 in
1271 1349 1370 1400 fine
1402 1345 1503 1399 loci
1531 1342 1836 1416 Aristotelici
1864 1344 2060 1413 vulgata

159 1428 308 1482 lectio
331 1426 482 1480 habet
514 1429 622 1496 post
648 1424 824 1476 batidis
847 1427 1185 1478 mentionem:
1224 1426 1390 1475 omnia
1417 1440 1541 1474 vero
1561 1421 1609 1473 id
1627 1439 1782 1488 genus
1804 1419 2062 1473 muliebris

157 1503 301 1556 sexus
331 1500 700 1554 fimilitudinem
728 1496 968 1550 referunt:
1013 1514 1138 1570 quae
1170 1510 1335 1567 aperte
1368 1515 1483 1548 cum
1505 1492 1788 1564 Aristotelis
1816 1498 2061 1564 opinione

158 1590 210 1629 et
236 1581 385 1630 totius
416 1578 650 1628 orationis
678 1574 802 1626 serie
827 1586 1063 1642 pugnant.
1137 1576 1303 1639 Q1are
1333 1571 1471 1640 posui
1502 1568 1772 1622 lechonem
1804 1568 1915 1620 libri
1946 1572 2062 1620 Me-

158 1651 286 1704 dicei
304 1646 528 1710 ἅπαντα
548 1647 604 1709 δὲ
630 1644 819 1706 τᾶλλαι
849 1665 944 1715 pro
965 1645 1196 1713 vulgato:
1228 1642 1452 1706 ἅπαντα
1481 1640 1554 1704 τοὶ
1580 1647 1820 1702 τοιαῦτα.
1896 1643 2063 1696 Medi-

157 1743 305 1778 ceum
325 1723 506 1775 librum
536 1724 751 1794 sequitur
783 1719 940 1773 verfio
960 1717 1126 1782 Scoti,
1165 1717 1440 1791 Anonymi,
1482 1733 1529 1771 et
1550 1714 1761 1782 filbertit
1846 1721 1942 1768 Hic
1971 1717 2063 1769 sci-

156 1799 270 1852 licet
298 1801 441 1869 ponit
468 1800 573 1851 ista:
621 1809 669 1848 et
701 1799 752 1848 in
782 1794 862 1846 sua
887 1792 1108 1847 foemina
1135 1797 1380 1846 invenitur
1409 1798 1566 1861 virga,
1614 1811 1739 1864 quae
1767 1793 1835 1844 est
1869 1790 2059 1844 collum

160 1873 374 1934 vesicae,
412 1872 530 1926 ficut
550 1872 616 1924 est
636 1873 860 1922 innatum
881 1868 1139 1939 quoddam
1172 1871 1364 1921 marino
1391 1872 1537 1920 etiam
1561 1870 1833 1929 invenitur,
1868 1881 1917 1919 et
1945 1864 2057 1919 refi-

161 1948 317 1999 duum
349 1945 525 1999 vulvae
559 1957 607 1997 et
627 1958 718 1996 cet.
793 1944 954 1995 Restat
985 1961 1119 1995 nunc
1150 1945 1311 2011 inepta
1343 1946 1647 2012 comparatio
1675 1945 1887 2010 partium
1916 1943 2058 2008 geni-.-

160 2022 331 2075 talium
357 2018 569 2073 feminae
602 2018 877 2088 phocarum
909 2035 1026 2069 cum
1056 2015 1349 2084 genitalibus
1374 2016 1472 2075 bati
1495 2014 1710 2068 feminae
1727 2052 1741 2077 ‚
1778 2032 1903 2086 quae
1928 2014 2054 2066 mihi

157 2093 443 2167 scrupulum
471 2096 635 2158 injicit.
712 2091 851 2160 Quid
872 2094 1010 2143 enim
1031 2089 1339 2161 quadrupedi
1367 2104 1415 2143 et
1444 2093 1684 2159 viviparae
1706 2087 2052 2141 mammalium-

158 2173 302 2224 instar
343 2168 533 2239 phocae
579 2183 851 2219 commune
892 2164 989 2217 effe
1027 2165 1184 2234 potest
1222 2167 1273 2217 in
1315 2162 1473 2217 forma
1517 2168 1725 2234 partium
1765 2162 2070 2231 genitalium*

158 2264 277 2298 cum
302 2241 616 2309 cartilagineo
640 2239 783 2301 bato,
829 2256 981 2309 quem
1001 2256 1095 2291 ova
1124 2242 1254 2290 intus
1288 2240 1338 2290 in
1359 2252 1503 2292 utero
1527 2237 1788 2290 excludere
1812 2236 1927 2289 alibi
1958 2252 2058 2290 tra-

161 2319 230 2371 dit
258 2312 608 2389 philosophus?
659 2313 870 2367 Videant
898 2311 1173 2366 doctiores!
1209 2315 1354 2364 Forte
1384 2316 1573 2365 mentio
1600 2311 1741 2364 bovis
1773 2315 1949 2363 marini
1978 2316 2058 2363 in-

159 2393 378 2454 tercidit,
418 2393 556 2452 cuius
579 2386 816 2441 feminam
848 2405 964 2439 cum
993 2385 1110 2439 bato
1132 2400 1499 2455 comparaverat
1516 2383 1817 2455 Aristoteles.
1891 2385 2059 2438 Haefi't

161 2471 310 2520 etiam
348 2469 399 2517 in
442 2465 541 2517 hoc
583 2462 700 2516 loco
741 2459 806 2514 P.
828 2457 1033 2532 Gyllius
1071 2474 1118 2513 et
1147 2459 1331 2513 bovem
1367 2459 1501 2513 hunc
1538 2461 1598 2512 ad
1631 2474 1856 2514 cetaceos
1881 2459 2059 2527 refert,-

160 2559 186 2594 a
227 2538 545 2607 cartilagineo
588 2533 882 2588 distinetum.
992 2538 1138 2588 Forte
1186 2533 1352 2586 lucem
1394 2534 1470 2587 his
1504 2535 1643 2587 affert
1678 2534 1823 2589 locus
1855 2530 2066 2588 Alherti‘

157 2620 331 2669 XXIV.
370 2634 415 2684 p.
439 2630 556 2676 242.
587 2611 649 2663 de
671 2608 892 2679 delphini
922 2605 1125 2662 femina:
1166 2622 1214 2660 et
1241 2608 1534 2678 resupinata,
1575 2612 1760 2680 inquit,
1796 2608 1883 2661 sub
1914 2627 2052 2662 mare

159 2709 244 2760 per
271 2688 498 2751 vulvam,
536 2703 661 2757 quae
685 2687 750 2737 est
780 2682 898 2736 ficut
918 2683 1056 2736 vulva
1080 2681 1306 2736 balaenae
1337 2696 1387 2734 et
1414 2683 1633 2736 mulieris
1662 2688 1838 2754 accipit
1868 2685 2050 2736 semen.

159 2764 364 2816 Videtur
388 2765 537 2830 igitur
572 2779 661 2830 pro
691 2758 853 2812 batide
879 2757 1145 2828 phalaenae
1175 2774 1361 2809 nomen
1387 2755 1468 2808 hic
1491 2756 1668 2825 legisse.
1747 2754 1939 2813 Strabo
1973 2762 2049 2809 in-

157 2852 231 2891 ter
250 2837 344 2889 Nili
367 2838 519 2906 pisces
542 2834 724 2888 bovem
745 2838 891 2885 etiam
915 2844 1305 2890 commemorat3
1332 2826 1614 2899 Diphilus,
1638 2833 1889 2894 medicus>
1916 2831 2049 2901 apud

156 2909 459 2964 Athenaeum
480 2909 667 2962 bovem
691 2927 717 2960 e
738 2906 1059 2974 cartilagineis
1085 2906 1340 2958 carnosum
1365 2904 1483 2965 effe,
1517 2906 1598 2956 sed
1620 2905 1844 2975 praeferri
1871 2910 1913 2958 ei
1934 2924 2051 2957 mu-

156 2985 332 3040 stelum
354 2983 589 3037 stellarem
610 2986 690 3050 ait.
741 2979 924 3036 Ovidii
947 2979 1262 3034 Halieuticon
1286 2979 1421 3030 versu
1442 2998 1524 3042 95.
1556 2978 1708 3032 boves
1727 2980 1903 3049 pelago
1923 2998 2045 3047 gauf

155 3060 272 3129 dere
297 3057 467 3117 refer-m
507 3072 673 3110 contra
705 3053 982 3127 Oppianus
1003 3053 1038 3106 Ιζ
1065 3073 1180 3119 103.
1209 3052 1364 3106 boves
1393 3053 1743 3122 praegrandes,
1781 3069 1828 3106 et
1855 3042 2074 3108 bande?

155 3134 272 3188 vada
298 3133 504 3186 coenosa
527 3131 742 3185 incolere
766 3134 906 3184 canit.
951 3130 1090 3183 Idem
1110 3134 1185 3182 ΙΙΙ.
1215 3150 1230 3181 ι
1248 3139 1326 3192 38.
1345 3128 1498 3198 pisces
1522 3129 1869 3200 praegrandes>
1890 3128 2043 3182 v'eluti

1900 3222 2043 3265 oveS‚
