2571 3775
412 331 484 382 72

408 457 605 518 part-um
631 437 831 495 faciunt.
899 442 955 492 In
973 436 1074 492 hoc
1096 435 1214 492 loco
1237 431 1446 492 Alberti
1463 437 1618 495 verfio
1637 457 1731 511 pro
1750 441 1952 496 marino
1964 440 2105 513 pisce
2122 442 2315 496 nomia·

410 533 493 572 nat
521 511 686 589 who,
720 519 812 586 p'ro
833 514 971 582 {argo
991 507 1185 575 ὑπνοῖ,
1222 531 1317 582 pro
1347 512 1560 569 chelone
1580 513 1765 588 gyloz‚
1787 537 1879 588 pro
1910 535 2127 584 myxone
2151 533 2290 570 mar-

410 589 647 662 cltalissom
685 583 1244 660 pro-cephalo-kakalos.
1314 584 1471 643 Gaza
1489 589 1740 659 vulgatam
1760 593 1979 665 sequitur
2000 590 2292 653 lec‘tionem,

411 681 467 722 et
495 657 736 738 Hesychii
769 662 946 732 glossa,
997 680 1061 714 ex
1082 661 1183 715 hoc
1212 658 1330 715 loco
1353 676 1409 715 ut
1442 664 1668 728 videtur,
1709 670 1890 735 petita,
1949 665 2037 720 ubi
2069 669 2296 720 marinus

413 742 559 815 piscis
591 736 879 809 explicatur.
949 736 1172 791 Codices
1204 737 1526 808 manuscripti
1553 738 1679 792 nihil
1704 744 1858 793 etiam
1883 755 2089 794 mutant.
2164 743 2316 793 Satis⁴

415 831 583 870 tamen
612 826 840 883 apertum
869 812 937 864 est
967 810 1187 863 eundem
1212 808 1297 862 hic
1327 812 1539 882 intelligi
1565 814 1753 884 piscem
1781 833 1934 886 quem
1964 814 2294 886 philosophus

415 895 538 945 VIII.
575 906 653 953 19.
696 887 807 957 post
838 887 1083 940 cestreum'
1105 898 1156 937 et
1185 883 1454 954 cephalum
1482 892 1736 955 myrinum
1767 887 2004 958 appellat,
2044 904 2095 943 et
2125 897 2183 944 V.
2216 909 2232 941 1
2253 909 2316 941 1.-

412 980 687 1031 myxonem
709 980 805 1014 una
826 978 942 1013 cum
964 957 1193 1022 Chelone,
1212 960 1352 1028 sargo
1379 974 1430 1013 et
1449 961 1661 1032 cephalo
1683 980 1746 1015 ex
1773 964 2076 1018 cest-reorum
2096 982 2295 1032 genere.

414 1043 582 1108 Quare
604 1035 869 1106 utrobique
891 1036 1153 1101 myxinum
1173 1047 1257 1086 aut
1277 1053 1551 1101 myxonem
1565 1037 1914 1107 reponendum
1929 1038 2026 1090 effe
2048 1042 2154 1090 iam.
2170 1037 2298 1091 olim

418 1113 607 1166 censuit
633 1105 964 1166 Romleletius
977 1127 1002 1177 ,·
1047 1122 1099 1160 et
1114 1106 1246 1161 reste
1266 1109 1488 1180 quidem.
1561 1115 1670 1164 Nec
1699 1113 1824 1180 sargi
1853 1130 2042 1166 nomen
2073 1112 2298 1166 Codices

417 1187 502 1243 hic
523 1199 740 1246 mutant,
779 1201 872 1237 nec
892 1202 986 1253 pro
1014 1183 1275 1259 κεστρέων
1304 1201 1493 1240 nomen
1521 1190 1815 1254 genericum
1841 1182 2133 1264 κεστροὲιων
2164 1187 2297 1239 dant.

418 1261 576 1332 QOd
595 1257 629 1314 fi
652 1278 770 1312 vero
791 1260 985 1329 quaeris
1005 1274 1067 1309 ex
1092 1275 1187 1328 qua
1221 1258 1360 1310 causa
1377 1257 1456 1311 vel
1488 1257 1809 1314 similitudine
1839 1276 1946 1315 orta
1978 1261 2126 1314 fuerit
2155 1280 2298 1315 com-

417 1339 599 1390 munio
638 1335 859 1387 nominis
905 1334 1193 1407 κεστροῖιοι,
1253 1349 1357 1403 quo
1398 1336 1621 1405 quinque
1664 1335 1876 1390 diversas
1914 1338 2126 1406 piscium
2155 1355 2299 1390 com-

419 1408 685 1482 prehendit
733 1408 946 1478 species,
997 1404 1182 1458 nullam
1229 1407 1466 1477 equidem
1515 1407 1662 1462 aliam
1717 1414 1935 1480 reperire
1969 1411 2166 1483 possum
2211 1409 2302 1466 nifi

416 1484 559 1557 quod
583 1500 759 1537 omnes
784 1480 1000 1534 candore
1027 1481 1338 1551 squamarum
1360 1484 1578 1535 invicem
1595 1482 1776 1538 fimiles
1801 1485 1938 1546 sunt3
1997 1503 2148 1557 quare
2178 1503 2299 1556 qua-

421 1575 537 1613 tuor
566 1556 768 1611 easdem
797 1557 1011 1625 species,
1049 1553 1246 1607 excluso
1266 1555 1431 1623 sargo,
1467 1555 1797 1612 leuciscorum
1820 1563 2032 1614 nomine
2057 1561 2302 1629 generico*

423 1627 912 1702 comprehenderunt
946 1628 1134 1682 medici
1174 1625 1432 1701 Diphilus
1462 1645 1512 1684 et
1541 1628 1777 1702 Hicesius.
1811 1688 1814 1691 ,
1886 1634 2124 1688 Acumen
2161 1638 2300 1690 enim

418 1711 568 1762 ‘rostri
597 1708 816 1773 cogitare
852 1703 939 1756 hic
968 1722 1072 1757 non
1102 1702 1244 1765 licet,
1301 1709 1543 1775 quoniam
1573 1707 1899 1776 cephalorum
1927 1707 2302 1763 distindiionem'

427 1802 539 1837 eam
562 1781 656 1834 effe
673 1779 908 1840 vidimus,
925 1792 981 1830 ut
997 1776 1150 1849 aliqui
1162 1779 1435 1846 oxyrynchi
1446 1778 1507 1832 ab
1527 1795 1674 1834 acuto
1698 1784 1856 1835 rostro
1872 1781 2172 1844 dicerentur,
2192 1801 2299 1855 quo

427 1855 615 1912 scilicet
634 1852 810 1926 reliqui
824 1851 1089 1911 carebant3
1121 1850 1205 1905 etfi
1227 1871 1460 1920 graecum
1475 1856 1647 1908 cestrei
1667 1873 1855 1910 nomen
1867 1875 2077 1910 acumen
2095 1856 2300 1929 aliquod

426 1933 509 1985 seu
533 1932 742 1998 figuram
765 1942 959 1986 acutam
983 1929 1207 1997 corporis
1227 1940 1312 1980 aut
1331 1932 1507 1998 capitis
1530 1929 1591 1981 ad
1608 1948 1789 1983 omnes
1802 1931 1987 2000 species
2010 1950 2073 1986 eo
2094 1934 2302 1984 nomine

422 2002 804 2075 comprehensas
836 1999 1093 2054 transferre
1122 2000 1331 2055 videtur.
1409 2008 1487 2055 De
1515 2004 1654 2071 largo
1691 2004 1768 2056 vel
1796 2006 2001 2073 {argone
2030 2004 2303 2060 dubitatio-

426 2099 543 2134 nem
565 2081 786 2132 virorum
802 2073 1070 2129 dodiorum
1091 2073 1228 2129 nullo
1251 2076 1410 2131 modo
1431 2079 1666 2147 expedire
1688 2078 1856 2140 vale03
1905 2098 1998 2132 nec
2015 2079 2201 2152 liquet,
2239 2099 2304 2134 an

428 2159 496 2217 is,
532 2172 684 2225 quem
705 2155 832 2203 inter
851 2151 1063 2203 cestreos
1082 2150 1300 2217 sargum,
1339 2166 1424 2204 aut
1446 2152 1730 2219 sargonem,
1770 2168 1854 2206 aut
1884 2168 1939 2205 ut
1969 2151 2307 2209 Kondeletius

426 2229 526 2298 legi
548 2226 677 2289 vult,
712 2226 958 2292 iarginum
980 2222 1210 2293 appellat,
1245 2224 1391 2294 plane
1416 2226 1632 2280 diversus
1663 2226 1717 2279 fit
1738 2226 1799 2279 ab
1830 2245 1893 2280 eo
1926 2229 2065 2295 fiii-go
2084 2265 2100 2291 ,
2147 2247 2302 2299 quem

425 2303 545 2358 alibi
570 2300 727 2356 solum
749 2318 866 2351 cum
885 2297 1045 2368 aliqua
1069 2303 1310 2366 temporis
1328 2303 1601 2353 variatione
1623 2304 1674 2352 in
1695 2315 1838 2371 partu
1859 2305 2100 2356 nominat.
2155 2306 2303 2357 Nunc

425 2377 687 2432 videamus
712 2372 821 2426 loca
842 2391 923 2436 ea,
965 2370 1049 2424 ubi
1074 2374 1285 2426 cestreus
1311 2372 1441 2427 solus
1461 2388 1695 2445 tanquam
1718 2379 1916 2443 generis
1935 2377 2120 2446 species
2138 2376 2303 2450 aliqua

430 2451 679 2520 singularis
711 2451 1011 2500 nominatur.
1085 2453 1144 2500 V.
1166 2466 1213 2512 9.
1251 2449 1461 2502 cestreus
1483 2467 1546 2500 ex
1573 2468 1787 2503 numero
1818 2447 2130 2505 susaneorum
2152 2450 2304 2505 semel

431 2529 560 2598 parit
590 2529 643 2577 in
670 2541 817 2576 anno.
892 2526 972 2575 VI.
1002 2539 1080 2582 13.
1137 2524 1348 2575 cestreus
1378 2537 1429 2575 et
1458 2522 1688 2593 cephalus
1721 2523 1887 2578 labrax
1916 2539 1966 2578 et
1996 2524 2173 2580 entelis
2205 2544 2305 2581 una

434 2603 768 2655 nominantur.
806 2601 885 2648 IV.
911 2609 953 2654 8.
992 2609 1135 2650 acute
1154 2597 1292 2650 audit
1315 2599 1540 2651 cestreus.
1592 2603 1670 2652 IV.
1695 2618 1773 2650 10.
1811 2600 2028 2653 interdiu
2043 2601 2304 2654 dormiens

433 2677 646 2745 cestreus
685 2671 896 2724 tridente
927 2673 1214 2740 percutitur.
1291 2676 1372 2725 VI.
1415 2691 1491 2735 14.
1523 2691 1585 2725 ex
1616 2677 1742 2726 mari
1771 2677 1823 2725 in
1850 2675 2010 2742 stagna
2041 2688 2091 2727 et
2118 2677 2303 2728 fluvios

434 2749 736 2804 adscendunt
774 2750 856 2813 (ut
878 2764 971 2798 ova
992 2745 1282 2814 deponant).
1369 2751 1493 2799 VIII.
1534 2766 1611 2814 19·
1667 2746 1889 2800 Subeunt
1915 2752 2095 2803 fluvios
2123 2767 2305 2817 genera

434 2825 645 2895 piscium
673 2823 981 2873 marinorum
1000 2817 1258 2890 complura
1281 2832 1331 2872 et
1354 2819 1602 2874 excellunt
1625 2825 1676 2874 in
1699 2825 1898 2875 fluentis
1922 2837 1971 2875 et
1996 2822 2197 2877 lacubus
2212 2862 2226 2887 ‚
2249 2836 2307 2877 ut

436 2902 567 2951 amia
590 2911 641 2950 et
665 2897 890 2948 cestreus.
927 2922 993 2933 -—-
1063 2893 1292 2948 Plurimis
1312 2893 1518 2966 quidem
1542 2895 1755 2966 piscibus
1783 2896 1967 2950 imbres
1997 2899 2306 2961 conducunt,

438 2974 625 3025 cestreo
645 2985 811 3023 tamen
832 2983 881 3021 et
903 2967 1140 3038 cephalo,
1178 2983 1229 3021 et
1247 2989 1399 3041 quem
1421 2970 1626 3042 quidam
1649 2975 1879 3038 myrinon
1898 2971 2158 3041 appellant,
2185 2991 2308 3026 con-

441 3049 644 3099 trarium
664 3044 859 3098 accidit.
937 3042 1143 3096 Plurimi
1161 3047 1299 3098 enim
1319 3062 1496 3097 eorum
1520 3043 1700 3114 pluviis
1721 3050 1887 3117 aquis,
1931 3045 1964 3099 fi
1984 3048 2196 3100 modum
2223 3065 2312 3098 ex-

444 3119 695 3181 cefferiiit,⁴
721 3116 864 3172 filcile
888 3133 1235 3173 excoecantur.
1315 3123 1405 3176 Per
1441 3119 1672 3176 hiemem.
1689 3136 1857 3176 autem
1885 3135 1935 3174 et
1961 3124 2017 3175 in
2041 3118 2313 3189 frigoribus

583 3222 586 3225 v
2125 3192 2323 3265 cephali.
