<?xml version="1.0" encoding="UTF-8"?>
<!DOCTYPE html PUBLIC "-//W3C//DTD XHTML 1.0 Transitional//EN"
    "http://www.w3.org/TR/xhtml1/DTD/xhtml1-transitional.dtd">
<html xmlns="http://www.w3.org/1999/xhtml" xml:lang="en" lang="en">
 <head>
  <title>
</title>
<meta http-equiv="Content-Type" content="text/html;charset=utf-8" />
  <meta name='ocr-system' content='tesseract 3.04.00' />
  <meta name='ocr-capabilities' content='ocr_page ocr_carea ocr_par ocr_line ocrx_word'/>
</head>
<body>
  <div class='ocr_page' id='page_1' title='image "./synonymiapiscium00arte_0089.png"; bbox 0 0 2571 3775; ppageno 0'>
   <div class='ocr_carea' id='block_1_1' title="bbox 1033 352 1322 373">
    <p class='ocr_par' dir='ltr' id='par_1_1' title="bbox 1033 352 1322 373">
     <span class='ocr_line' id='line_1_1' title="bbox 1033 352 1322 373; baseline 0 0"><span class='ocrx_word' id='word_1_1' title='bbox 1033 352 1322 373; x_wconf 95' lang='lat' dir='ltr'> </span> 
     </span>
    </p>
   </div>
   <div class='ocr_carea' id='block_1_2' title="bbox 2049 346 2129 408">
    <p class='ocr_par' dir='ltr' id='par_1_2' title="bbox 2049 346 2129 408">
     <span class='ocr_line' id='line_1_2' title="bbox 2049 346 2129 408; baseline 0.025 -2"><span class='ocrx_word' id='word_1_2' title='bbox 2049 346 2129 408; x_wconf 70' lang='lat'>77</span> 
     </span>
    </p>
   </div>
   <div class='ocr_carea' id='block_1_3' title="bbox 188 459 2126 3281">
    <p class='ocr_par' dir='ltr' id='par_1_3' title="bbox 188 459 2126 3281">
     <span class='ocr_line' id='line_1_3' title="bbox 246 459 2124 546; baseline -0.012 -11"><span class='ocrx_word' id='word_1_3' title='bbox 246 477 477 546; x_wconf 70' lang='lat' dir='ltr'>intelligi,</span> <span class='ocrx_word' id='word_1_4' title='bbox 516 472 660 546; x_wconf 86' lang='lat' dir='ltr'>quiin</span> <span class='ocrx_word' id='word_1_5' title='bbox 678 464 1117 538; x_wconf 64' lang='lat' dir='ltr'>paludibusdegass</span> <span class='ocrx_word' id='word_1_6' title='bbox 1207 465 1447 518; x_wconf 82' lang='lat' dir='ltr'>Videntur</span> <span class='ocrx_word' id='word_1_7' title='bbox 1473 459 1570 540; x_wconf 70' lang='grc' dir='ltr'>ἕλη</span> <span class='ocrx_word' id='word_1_8' title='bbox 1601 463 1682 518; x_wconf 89' lang='lat' dir='ltr'>hic</span> <span class='ocrx_word' id='word_1_9' title='bbox 1711 467 1804 520; x_wconf 81' lang='lat' dir='ltr'>effe</span> <span class='ocrx_word' id='word_1_10' title='bbox 1834 470 1996 536; x_wconf 83' lang='lat' dir='ltr'>stagna</span> <span class='ocrx_word' id='word_1_11' title='bbox 2018 486 2124 521; x_wconf 88' lang='lat' dir='ltr'>ma.</span> 
     </span>
     <span class='ocr_line' id='line_1_4' title="bbox 249 539 2123 615; baseline -0.007 -6"><span class='ocrx_word' id='word_1_12' title='bbox 249 561 383 615; x_wconf 81' lang='lat' dir='ltr'>rina,</span> <span class='ocrx_word' id='word_1_13' title='bbox 415 562 496 603; x_wconf 84' lang='lat' dir='ltr'>aut</span> <span class='ocrx_word' id='word_1_14' title='bbox 517 549 681 614; x_wconf 90' lang='lat' dir='ltr'>potius</span> <span class='ocrx_word' id='word_1_15' title='bbox 704 542 822 594; x_wconf 84' lang='lat' dir='ltr'>vada</span> <span class='ocrx_word' id='word_1_16' title='bbox 845 546 991 595; x_wconf 88' lang='lat' dir='ltr'>maris</span> <span class='ocrx_word' id='word_1_17' title='bbox 1023 539 1247 593; x_wconf 77' lang='lat' dir='ltr'>coenosa.</span> <span class='ocrx_word' id='word_1_18' title='bbox 1331 540 1517 593; x_wconf 85' lang='lat' dir='ltr'>Eadem</span> <span class='ocrx_word' id='word_1_19' title='bbox 1560 540 1778 612; x_wconf 87' lang='lat' dir='ltr'>denique</span> <span class='ocrx_word' id='word_1_20' title='bbox 1809 542 2035 609; x_wconf 79' lang='lat' dir='ltr'>leguntur</span> <span class='ocrx_word' id='word_1_21' title='bbox 2071 547 2123 596; x_wconf 90' lang='lat' dir='ltr'>in</span> 
     </span>
     <span class='ocr_line' id='line_1_5' title="bbox 249 612 2124 686; baseline -0.001 -15"><span class='ocrx_word' id='word_1_22' title='bbox 249 621 433 683; x_wconf 67' lang='lat' dir='ltr'>Ovidii</span> <span class='ocrx_word' id='word_1_23' title='bbox 457 618 738 673; x_wconf 88' lang='lat' dir='ltr'>Halieutico·</span> <span class='ocrx_word' id='word_1_24' title='bbox 755 618 892 669; x_wconf 87' lang='lat' dir='ltr'>versu</span> <span class='ocrx_word' id='word_1_25' title='bbox 912 635 933 678; x_wconf 83' lang='lat'><em>3</em></span> <span class='ocrx_word' id='word_1_26' title='bbox 946 636 993 679; x_wconf 91' lang='lat'>7.</span> <span class='ocrx_word' id='word_1_27' title='bbox 1025 619 1214 667; x_wconf 90' lang='lat' dir='ltr'>Hamus</span> <span class='ocrx_word' id='word_1_28' title='bbox 1241 616 1468 683; x_wconf 89' lang='lat' dir='ltr'>angustus</span> <span class='ocrx_word' id='word_1_29' title='bbox 1487 613 1548 667; x_wconf 83' lang='lat' dir='ltr'>ab</span> <span class='ocrx_word' id='word_1_30' title='bbox 1569 612 1816 686; x_wconf 73' lang='lat' dir='ltr'>Oppiuuo</span> <span class='ocrx_word' id='word_1_31' title='bbox 1836 619 2124 669; x_wconf 82' lang='lat' dir='ltr'>nominatus</span> 
     </span>
     <span class='ocr_line' id='line_1_6' title="bbox 245 684 2125 763; baseline -0.007 -8"><span class='ocrx_word' id='word_1_32' title='bbox 245 721 306 756; x_wconf 84' lang='lat' dir='ltr'>os</span> <span class='ocrx_word' id='word_1_33' title='bbox 338 696 594 762; x_wconf 87' lang='lat' dir='ltr'>angustum</span> <span class='ocrx_word' id='word_1_34' title='bbox 631 692 799 743; x_wconf 88' lang='lat' dir='ltr'>cestrei</span> <span class='ocrx_word' id='word_1_35' title='bbox 832 708 1037 759; x_wconf 79' lang='lat' dir='ltr'>arguere</span> <span class='ocrx_word' id='word_1_36' title='bbox 1067 688 1284 750; x_wconf 81' lang='lat' dir='ltr'>videtur3</span> <span class='ocrx_word' id='word_1_37' title='bbox 1355 703 1501 763; x_wconf 89' lang='lat' dir='ltr'>atque</span> <span class='ocrx_word' id='word_1_38' title='bbox 1533 693 1681 742; x_wconf 84' lang='lat' dir='ltr'>etiam</span> <span class='ocrx_word' id='word_1_39' title='bbox 1710 684 2029 744; x_wconf 70' lang='lat' dir='ltr'><em>Plutarchus</em></span> <span class='ocrx_word' id='word_1_40' title='bbox 2062 689 2125 741; x_wconf 87' lang='lat' dir='ltr'>de</span> 
     </span>
     <span class='ocr_line' id='line_1_7' title="bbox 243 762 2126 837; baseline -0.006 -10"><span class='ocrx_word' id='word_1_41' title='bbox 243 773 443 828; x_wconf 84' lang='lat' dir='ltr'>Solertia</span> <span class='ocrx_word' id='word_1_42' title='bbox 474 766 627 837; x_wconf 91' lang='lat' dir='ltr'>planis</span> <span class='ocrx_word' id='word_1_43' title='bbox 661 763 821 818; x_wconf 90' lang='lat' dir='ltr'>verbis</span> <span class='ocrx_word' id='word_1_44' title='bbox 849 768 899 818; x_wconf 91' lang='lat' dir='ltr'>in</span> <span class='ocrx_word' id='word_1_45' title='bbox 931 768 1088 817; x_wconf 84' lang='lat' dir='ltr'>amiae</span> <span class='ocrx_word' id='word_1_46' title='bbox 1125 777 1174 815; x_wconf 91' lang='lat' dir='ltr'>et</span> <span class='ocrx_word' id='word_1_47' title='bbox 1214 765 1396 817; x_wconf 88' lang='lat' dir='ltr'>cestrei-</span> <span class='ocrx_word' id='word_1_48' title='bbox 1419 764 1682 835; x_wconf 82' lang='lat' dir='ltr'>piscatione</span> <span class='ocrx_word' id='word_1_49' title='bbox 1713 764 1936 818; x_wconf 88' lang='lat' dir='ltr'>rotundis</span> <span class='ocrx_word' id='word_1_50' title='bbox 1966 762 2126 816; x_wconf 83' lang='lat' dir='ltr'>hamis</span> 
     </span>
     <span class='ocr_line' id='line_1_8' title="bbox 242 836 2125 912; baseline -0.006 -12"><span class='ocrx_word' id='word_1_51' title='bbox 242 843 483 900; x_wconf 87' lang='lat' dir='ltr'>utendum</span> <span class='ocrx_word' id='word_1_52' title='bbox 509 840 602 894; x_wconf 84' lang='lat' dir='ltr'>effe</span> <span class='ocrx_word' id='word_1_53' title='bbox 626 854 816 902; x_wconf 89' lang='lat' dir='ltr'>monet,</span> <span class='ocrx_word' id='word_1_54' title='bbox 858 837 994 912; x_wconf 89' lang='lat' dir='ltr'>quod</span> <span class='ocrx_word' id='word_1_55' title='bbox 1019 857 1076 892; x_wconf 93' lang='lat' dir='ltr'>os</span> <span class='ocrx_word' id='word_1_56' title='bbox 1094 836 1185 891; x_wconf 88' lang='lat' dir='ltr'>illis</span> <span class='ocrx_word' id='word_1_57' title='bbox 1204 837 1258 891; x_wconf 84' lang='lat' dir='ltr'>fit</span> <span class='ocrx_word' id='word_1_58' title='bbox 1280 841 1541 908; x_wconf 88' lang='lat' dir='ltr'>angustius.</span> <span class='ocrx_word' id='word_1_59' title='bbox 1626 839 1946 892; x_wconf 84' lang='lat' dir='ltr'>Piscationem</span> <span class='ocrx_word' id='word_1_60' title='bbox 1964 836 2125 905; x_wconf 81' lang='lat' dir='ltr'>fingu-</span> 
     </span>
     <span class='ocr_line' id='line_1_9' title="bbox 240 911 2124 984; baseline -0.005 -11"><span class='ocrx_word' id='word_1_61' title='bbox 240 920 394 973; x_wconf 87' lang='lat' dir='ltr'>larem</span> <span class='ocrx_word' id='word_1_62' title='bbox 422 915 667 984; x_wconf 88' lang='lat' dir='ltr'>mugilum</span> <span class='ocrx_word' id='word_1_63' title='bbox 688 918 738 966; x_wconf 90' lang='lat' dir='ltr'>in</span> <span class='ocrx_word' id='word_1_64' title='bbox 766 916 936 982; x_wconf 84' lang='lat' dir='ltr'>stagno</span> <span class='ocrx_word' id='word_1_65' title='bbox 958 918 1149 966; x_wconf 86' lang='lat' dir='ltr'>marino</span> <span class='ocrx_word' id='word_1_66' title='bbox 1172 917 1458 967; x_wconf 83' lang='lat' dir='ltr'>Provinciae</span> <span class='ocrx_word' id='word_1_67' title='bbox 1484 911 1812 968; x_wconf 69' lang='lat' dir='ltr'>Narbonensis</span> <span class='ocrx_word' id='word_1_68' title='bbox 1833 917 1883 966; x_wconf 91' lang='lat' dir='ltr'>in</span> <span class='ocrx_word' id='word_1_69' title='bbox 1904 915 2124 966; x_wconf 89' lang='lat' dir='ltr'>Nemau-</span> 
     </span>
     <span class='ocr_line' id='line_1_10' title="bbox 237 986 2122 1062; baseline -0.005 -14"><span class='ocrx_word' id='word_1_70' title='bbox 237 992 354 1048; x_wconf 85' lang='lat' dir='ltr'>senfi</span> <span class='ocrx_word' id='word_1_71' title='bbox 373 1009 492 1060; x_wconf 86' lang='lat' dir='ltr'>agro</span> <span class='ocrx_word' id='word_1_72' title='bbox 506 1028 520 1052; x_wconf 88' lang='lat'>,</span> <span class='ocrx_word' id='word_1_73' title='bbox 560 1007 711 1062; x_wconf 82' lang='lat' dir='ltr'>quam</span> <span class='ocrx_word' id='word_1_74' title='bbox 732 988 949 1059; x_wconf 84' lang='lat' dir='ltr'>delphini</span> <span class='ocrx_word' id='word_1_75' title='bbox 972 1007 1087 1041; x_wconf 88' lang='lat' dir='ltr'>cum</span> <span class='ocrx_word' id='word_1_76' title='bbox 1110 986 1396 1041; x_wconf 85' lang='lat' dir='ltr'>hominibus</span> <span class='ocrx_word' id='word_1_77' title='bbox 1419 1006 1567 1058; x_wconf 87' lang='lat' dir='ltr'>opera</span> <span class='ocrx_word' id='word_1_78' title='bbox 1591 991 1851 1040; x_wconf 88' lang='lat' dir='ltr'>communi</span> <span class='ocrx_word' id='word_1_79' title='bbox 1874 1000 2122 1049; x_wconf 81' lang='lat' dir='ltr'><strong>exercent,</strong></span> 
     </span>
     <span class='ocr_line' id='line_1_11' title="bbox 238 1060 2122 1132; baseline -0.005 -10"><span class='ocrx_word' id='word_1_80' title='bbox 238 1081 398 1122; x_wconf 86' lang='lat' dir='ltr'>narrat</span> <span class='ocrx_word' id='word_1_81' title='bbox 423 1062 632 1120; x_wconf 76' lang='lat' dir='ltr'>Plinius</span> <span class='ocrx_word' id='word_1_82' title='bbox 650 1067 730 1115; x_wconf 87' lang='lat' dir='ltr'>IX.</span> <span class='ocrx_word' id='word_1_83' title='bbox 765 1080 870 1132; x_wconf 84' lang='lat' dir='ltr'>cap.</span> <span class='ocrx_word' id='word_1_84' title='bbox 904 1076 948 1122; x_wconf 84' lang='lat'>8.</span> <span class='ocrx_word' id='word_1_85' title='bbox 992 1061 1075 1115; x_wconf 89' lang='lat' dir='ltr'>ubi</span> <span class='ocrx_word' id='word_1_86' title='bbox 1106 1080 1223 1114; x_wconf 89' lang='lat' dir='ltr'>cum</span> <span class='ocrx_word' id='word_1_87' title='bbox 1254 1061 1457 1114; x_wconf 88' lang='lat' dir='ltr'>dicitur:</span> <span class='ocrx_word' id='word_1_88' title='bbox 1517 1061 1777 1131; x_wconf 79' lang='lat' dir='ltr'><strong>piscatores</strong></span> <span class='ocrx_word' id='word_1_89' title='bbox 1814 1060 2122 1114; x_wconf 71' lang='lat' dir='ltr'>cird&#39;umdant</span> 
     </span>
     <span class='ocr_line' id='line_1_12' title="bbox 237 1132 2119 1211; baseline -0.005 -14"><span class='ocrx_word' id='word_1_90' title='bbox 237 1146 353 1198; x_wconf 78' lang='lat' dir='ltr'>retia</span> <span class='ocrx_word' id='word_1_91' title='bbox 386 1139 632 1211; x_wconf 86' lang='lat' dir='ltr'>furcisque</span> <span class='ocrx_word' id='word_1_92' title='bbox 663 1134 934 1190; x_wconf 78' lang='lat' dir='ltr'><strong>sublevant:</strong></span> <span class='ocrx_word' id='word_1_93' title='bbox 987 1135 1236 1204; x_wconf 86' lang='lat' dir='ltr'>mugilum</span> <span class='ocrx_word' id='word_1_94' title='bbox 1267 1135 1423 1189; x_wconf 86' lang='lat' dir='ltr'>nihilo</span> <span class='ocrx_word' id='word_1_95' title='bbox 1455 1140 1621 1189; x_wconf 88' lang='lat' dir='ltr'>minus</span> <span class='ocrx_word' id='word_1_96' title='bbox 1645 1135 1878 1190; x_wconf 85' lang='lat' dir='ltr'>velocitas</span> <span class='ocrx_word' id='word_1_97' title='bbox 1895 1132 2119 1195; x_wconf 74' lang='lat' dir='ltr'>tranfilit3</span> 
     </span>
     <span class='ocr_line' id='line_1_13' title="bbox 232 1208 2119 1287; baseline -0.004 -18"><span class='ocrx_word' id='word_1_98' title='bbox 232 1214 346 1287; x_wconf 64' lang='lat' dir='ltr'>facit</span> <span class='ocrx_word' id='word_1_99' title='bbox 378 1212 685 1285; x_wconf 72' lang='lat' dir='ltr'>probabilem</span> <span class='ocrx_word' id='word_1_100' title='bbox 712 1211 855 1264; x_wconf 88' lang='lat' dir='ltr'>aliam</span> <span class='ocrx_word' id='word_1_101' title='bbox 889 1210 1112 1277; x_wconf 85' lang='lat' dir='ltr'>ejusdem</span> <span class='ocrx_word' id='word_1_102' title='bbox 1144 1208 1355 1264; x_wconf 70' lang='lat' dir='ltr'>aucs&#39;toris</span> <span class='ocrx_word' id='word_1_103' title='bbox 1396 1213 1727 1264; x_wconf 81' lang='lat' dir='ltr'>narrationem</span> <span class='ocrx_word' id='word_1_104' title='bbox 1766 1215 1846 1262; x_wconf 87' lang='lat' dir='ltr'>IX.</span> <span class='ocrx_word' id='word_1_105' title='bbox 1891 1229 1966 1269; x_wconf 77' lang='grc' dir='ltr'>ις.</span> <span class='ocrx_word' id='word_1_106' title='bbox 2034 1208 2119 1262; x_wconf 82' lang='lat' dir='ltr'>ubi</span> 
     </span>
     <span class='ocr_line' id='line_1_14' title="bbox 234 1279 2121 1360; baseline -0.005 -17"><span class='ocrx_word' id='word_1_107' title='bbox 234 1289 445 1360; x_wconf 77' lang='lat' dir='ltr'>mugiles</span> <span class='ocrx_word' id='word_1_108' title='bbox 465 1284 674 1341; x_wconf 86' lang='lat' dir='ltr'>aliorum</span> <span class='ocrx_word' id='word_1_109' title='bbox 696 1290 799 1340; x_wconf 88' lang='lat' dir='ltr'>vim</span> <span class='ocrx_word' id='word_1_110' title='bbox 822 1290 1069 1347; x_wconf 81' lang='lat' dir='ltr'>timenteS,</span> <span class='ocrx_word' id='word_1_111' title='bbox 1102 1290 1204 1337; x_wconf 83' lang='lat' dir='ltr'>tam</span> <span class='ocrx_word' id='word_1_112' title='bbox 1224 1279 1512 1354; x_wconf 85' lang='lat' dir='ltr'>praecipuae</span> <span class='ocrx_word' id='word_1_113' title='bbox 1523 1283 1800 1344; x_wconf 67' lang='lat' dir='ltr'>‚velocitatis</span> <span class='ocrx_word' id='word_1_114' title='bbox 1825 1283 1918 1337; x_wconf 82' lang='lat' dir='ltr'>effe</span> <span class='ocrx_word' id='word_1_115' title='bbox 1945 1283 2121 1339; x_wconf 87' lang='lat' dir='ltr'>dicun-</span> 
     </span>
     <span class='ocr_line' id='line_1_15' title="bbox 232 1357 2121 1431; baseline -0.003 -14"><span class='ocrx_word' id='word_1_116' title='bbox 232 1379 336 1431; x_wconf 82' lang='lat' dir='ltr'>tur,</span> <span class='ocrx_word' id='word_1_117' title='bbox 375 1378 429 1417; x_wconf 92' lang='lat' dir='ltr'>ut</span> <span class='ocrx_word' id='word_1_118' title='bbox 450 1362 711 1415; x_wconf 73' lang='lat' dir='ltr'>transversa</span> <span class='ocrx_word' id='word_1_119' title='bbox 733 1364 919 1428; x_wconf 84' lang='lat' dir='ltr'>navigia</span> <span class='ocrx_word' id='word_1_120' title='bbox 942 1360 1136 1412; x_wconf 81' lang='lat' dir='ltr'>interim</span> <span class='ocrx_word' id='word_1_121' title='bbox 1156 1357 1488 1429; x_wconf 65' lang='lat' dir='ltr'>superjadlent.</span> <span class='ocrx_word' id='word_1_122' title='bbox 1558 1361 1793 1427; x_wconf 88' lang='lat' dir='ltr'>Cogitare</span> <span class='ocrx_word' id='word_1_123' title='bbox 1824 1358 2001 1411; x_wconf 86' lang='lat' dir='ltr'>scilicet</span> <span class='ocrx_word' id='word_1_124' title='bbox 2034 1358 2121 1411; x_wconf 89' lang='lat' dir='ltr'>de-</span> 
     </span>
     <span class='ocr_line' id='line_1_16' title="bbox 234 1429 2123 1508; baseline -0.004 -16"><span class='ocrx_word' id='word_1_125' title='bbox 234 1439 410 1506; x_wconf 83' lang='lat' dir='ltr'>bemus</span> <span class='ocrx_word' id='word_1_126' title='bbox 447 1438 743 1508; x_wconf 80' lang='lat' dir='ltr'>piscatorum</span> <span class='ocrx_word' id='word_1_127' title='bbox 774 1435 987 1502; x_wconf 83' lang='lat' dir='ltr'>navigia!</span> <span class='ocrx_word' id='word_1_128' title='bbox 1042 1437 1178 1499; x_wconf 80' lang='lat' dir='ltr'>Retia</span> <span class='ocrx_word' id='word_1_129' title='bbox 1206 1433 1324 1487; x_wconf 69' lang='lat' dir='ltr'>[altu</span> <span class='ocrx_word' id='word_1_130' title='bbox 1346 1432 1641 1488; x_wconf 85' lang='lat' dir='ltr'>transfiicere</span> <span class='ocrx_word' id='word_1_131' title='bbox 1671 1438 1798 1487; x_wconf 85' lang='lat' dir='ltr'>canit</span> <span class='ocrx_word' id='word_1_132' title='bbox 1827 1438 1974 1487; x_wconf 83' lang='lat' dir='ltr'>etiam</span> <span class='ocrx_word' id='word_1_133' title='bbox 1996 1429 2123 1505; x_wconf 45' lang='lat'>&#39;⁹023-</span> 
     </span>
     <span class='ocr_line' id='line_1_17' title="bbox 228 1511 919 1587; baseline -0.01 -19"><span class='ocrx_word' id='word_1_134' title='bbox 228 1511 429 1587; x_wconf 72' lang='lat' dir='ltr'>piuuus</span> <span class='ocrx_word' id='word_1_135' title='bbox 447 1517 515 1563; x_wconf 89' lang='lat' dir='ltr'>III.</span> <span class='ocrx_word' id='word_1_136' title='bbox 542 1524 624 1573; x_wconf 75' lang='lat'>98.</span> <span class='ocrx_word' id='word_1_137' title='bbox 664 1511 919 1574; x_wconf 88' lang='lat' dir='ltr'>cestreum.</span> 
     </span>
     <span class='ocr_line' id='line_1_18' title="bbox 385 1578 2118 1654; baseline -0.005 -14"><span class='ocrx_word' id='word_1_138' title='bbox 385 1591 531 1640; x_wconf 85' lang='lat' dir='ltr'>Nunc</span> <span class='ocrx_word' id='word_1_139' title='bbox 563 1585 624 1638; x_wconf 87' lang='lat' dir='ltr'>ad</span> <span class='ocrx_word' id='word_1_140' title='bbox 658 1586 912 1654; x_wconf 75' lang='lat' dir='ltr'>scriptores</span> <span class='ocrx_word' id='word_1_141' title='bbox 944 1581 1158 1654; x_wconf 90' lang='lat' dir='ltr'>reliquos</span> <span class='ocrx_word' id='word_1_142' title='bbox 1182 1600 1387 1651; x_wconf 87' lang='lat' dir='ltr'>graecos</span> <span class='ocrx_word' id='word_1_143' title='bbox 1409 1581 1717 1635; x_wconf 75' lang='lat' dir='ltr'>accedamus.</span> <span class='ocrx_word' id='word_1_144' title='bbox 1778 1578 2056 1653; x_wconf 71' lang='lat' dir='ltr'>Oppiumts</span> <span class='ocrx_word' id='word_1_145' title='bbox 2086 1584 2118 1632; x_wconf 92' lang='grc' dir='ltr'>Ι.</span> 
     </span>
     <span class='ocr_line' id='line_1_19' title="bbox 237 1656 2119 1729; baseline -0.003 -15"><span class='ocrx_word' id='word_1_146' title='bbox 237 1681 263 1728; x_wconf 42' lang='grc' dir='ltr'>,ι</span> <span class='ocrx_word' id='word_1_147' title='bbox 286 1682 360 1714; x_wconf 84' lang='lat'>11.</span> <span class='ocrx_word' id='word_1_148' title='bbox 393 1662 601 1714; x_wconf 85' lang='lat' dir='ltr'>cestreos</span> <span class='ocrx_word' id='word_1_149' title='bbox 637 1673 684 1712; x_wconf 90' lang='lat' dir='ltr'>et</span> <span class='ocrx_word' id='word_1_150' title='bbox 717 1657 949 1729; x_wconf 83' lang='lat' dir='ltr'>cephalos</span> <span class='ocrx_word' id='word_1_151' title='bbox 979 1659 1183 1728; x_wconf 87' lang='lat' dir='ltr'>piscium</span> <span class='ocrx_word' id='word_1_152' title='bbox 1208 1661 1439 1710; x_wconf 87' lang='lat' dir='ltr'>omnium</span> <span class='ocrx_word' id='word_1_153' title='bbox 1472 1656 1749 1721; x_wconf 83' lang='lat' dir='ltr'>justiffimos</span> <span class='ocrx_word' id='word_1_154' title='bbox 1772 1671 1907 1709; x_wconf 86' lang='lat' dir='ltr'>mare</span> <span class='ocrx_word' id='word_1_155' title='bbox 1939 1659 2119 1709; x_wconf 80' lang='lat' dir='ltr'>fluvio-</span> 
     </span>
     <span class='ocr_line' id='line_1_20' title="bbox 232 1729 2117 1805; baseline -0.004 -15"><span class='ocrx_word' id='word_1_156' title='bbox 232 1757 346 1792; x_wconf 85' lang='lat' dir='ltr'>rum</span> <span class='ocrx_word' id='word_1_157' title='bbox 371 1738 501 1790; x_wconf 86' lang='lat' dir='ltr'>ostiis</span> <span class='ocrx_word' id='word_1_158' title='bbox 525 1733 832 1805; x_wconf 76' lang='lat' dir='ltr'>frequentare</span> <span class='ocrx_word' id='word_1_159' title='bbox 853 1736 1007 1792; x_wconf 70' lang='lat' dir='ltr'>canit,</span> <span class='ocrx_word' id='word_1_160' title='bbox 1057 1745 1106 1784; x_wconf 88' lang='lat' dir='ltr'>et</span> <span class='ocrx_word' id='word_1_161' title='bbox 1125 1732 1263 1785; x_wconf 89' lang='lat' dir='ltr'>versu</span> <span class='ocrx_word' id='word_1_162' title='bbox 1296 1750 1407 1796; x_wconf 83' lang='lat'>¹09·</span> <span class='ocrx_word' id='word_1_163' title='bbox 1448 1730 1642 1785; x_wconf 82' lang='lat' dir='ltr'>seorfim</span> <span class='ocrx_word' id='word_1_164' title='bbox 1670 1730 1908 1789; x_wconf 88' lang='lat' dir='ltr'>blennum</span> <span class='ocrx_word' id='word_1_165' title='bbox 1928 1735 1974 1783; x_wconf 89' lang='lat' dir='ltr'>in</span> <span class='ocrx_word' id='word_1_166' title='bbox 2004 1729 2117 1783; x_wconf 79' lang='lat' dir='ltr'>lito-</span> 
     </span>
     <span class='ocr_line' id='line_1_21' title="bbox 233 1804 2116 1876; baseline -0.005 -10"><span class='ocrx_word' id='word_1_167' title='bbox 233 1812 368 1868; x_wconf 83' lang='lat' dir='ltr'>ribus</span> <span class='ocrx_word' id='word_1_168' title='bbox 390 1808 603 1864; x_wconf 89' lang='lat' dir='ltr'>herbidis</span> <span class='ocrx_word' id='word_1_169' title='bbox 627 1808 892 1876; x_wconf 84' lang='lat' dir='ltr'>degentem</span> <span class='ocrx_word' id='word_1_170' title='bbox 913 1809 1161 1868; x_wconf 88' lang='lat' dir='ltr'>nominat,</span> <span class='ocrx_word' id='word_1_171' title='bbox 1200 1805 1281 1858; x_wconf 91' lang='lat' dir='ltr'>sed</span> <span class='ocrx_word' id='word_1_172' title='bbox 1312 1804 1519 1859; x_wconf 87' lang='lat' dir='ltr'>blennus</span> <span class='ocrx_word' id='word_1_173' title='bbox 1543 1824 1603 1858; x_wconf 89' lang='lat' dir='ltr'>an</span> <span class='ocrx_word' id='word_1_174' title='bbox 1626 1806 1724 1858; x_wconf 88' lang='lat' dir='ltr'>huc</span> <span class='ocrx_word' id='word_1_175' title='bbox 1743 1810 2002 1876; x_wconf 77' lang='lat' dir='ltr'>pertineat,</span> <span class='ocrx_word' id='word_1_176' title='bbox 2024 1805 2116 1856; x_wconf 92' lang='lat' dir='ltr'>du-</span> 
     </span>
     <span class='ocr_line' id='line_1_22' title="bbox 232 1879 2117 1950; baseline -0.004 -11"><span class='ocrx_word' id='word_1_177' title='bbox 232 1886 372 1950; x_wconf 87' lang='lat' dir='ltr'>bium</span> <span class='ocrx_word' id='word_1_178' title='bbox 393 1887 474 1939; x_wconf 87' lang='lat' dir='ltr'>est.</span> <span class='ocrx_word' id='word_1_179' title='bbox 542 1879 789 1937; x_wconf 71' lang='lat' dir='ltr'>Aelianus</span> <span class='ocrx_word' id='word_1_180' title='bbox 808 1886 904 1934; x_wconf 91' lang='lat' dir='ltr'>VII.</span> <span class='ocrx_word' id='word_1_181' title='bbox 936 1901 1011 1946; x_wconf 85' lang='lat'>19.</span> <span class='ocrx_word' id='word_1_182' title='bbox 1047 1879 1255 1948; x_wconf 84' lang='lat' dir='ltr'>mugiles</span> <span class='ocrx_word' id='word_1_183' title='bbox 1286 1882 1551 1946; x_wconf 85' lang='lat' dir='ltr'>(cestreos)</span> <span class='ocrx_word' id='word_1_184' title='bbox 1577 1881 1780 1950; x_wconf 84' lang='lat' dir='ltr'>piscium</span> <span class='ocrx_word' id='word_1_185' title='bbox 1809 1884 2026 1933; x_wconf 83' lang='lat' dir='ltr'>maxime</span> <span class='ocrx_word' id='word_1_186' title='bbox 2044 1883 2117 1942; x_wconf 50' lang='lat' dir='ltr'>¹ti-</span> 
     </span>
     <span class='ocr_line' id='line_1_23' title="bbox 234 1954 2113 2030; baseline -0.004 -16"><span class='ocrx_word' id='word_1_187' title='bbox 234 1961 399 2015; x_wconf 85' lang='lat' dir='ltr'>midos</span> <span class='ocrx_word' id='word_1_188' title='bbox 441 1958 699 2030; x_wconf 88' lang='lat' dir='ltr'>praedicat.</span> <span class='ocrx_word' id='word_1_189' title='bbox 789 1955 927 2008; x_wconf 90' lang='lat' dir='ltr'>Idem</span> <span class='ocrx_word' id='word_1_190' title='bbox 955 1959 1075 2007; x_wconf 90' lang='lat' dir='ltr'>XIII.</span> <span class='ocrx_word' id='word_1_191' title='bbox 1105 1973 1178 2019; x_wconf 87' lang='lat'>19.</span> <span class='ocrx_word' id='word_1_192' title='bbox 1224 1954 1434 2024; x_wconf 86' lang='lat' dir='ltr'>cephalis</span> <span class='ocrx_word' id='word_1_193' title='bbox 1469 1954 1644 2008; x_wconf 89' lang='lat' dir='ltr'>fimiles</span> <span class='ocrx_word' id='word_1_194' title='bbox 1676 1960 1741 2008; x_wconf 88' lang='lat' dir='ltr'>ait</span> <span class='ocrx_word' id='word_1_195' title='bbox 1774 1955 1866 2007; x_wconf 81' lang='lat' dir='ltr'>effe</span> <span class='ocrx_word' id='word_1_196' title='bbox 1888 1957 2113 2007; x_wconf 86' lang='lat' dir='ltr'>cestreos.</span> 
     </span>
     <span class='ocr_line' id='line_1_24' title="bbox 233 2026 2114 2106; baseline -0.004 -18"><span class='ocrx_word' id='word_1_197' title='bbox 233 2039 464 2106; x_wconf 91' lang='lat' dir='ltr'>Denique</span> <span class='ocrx_word' id='word_1_198' title='bbox 493 2036 617 2099; x_wconf 79' lang='lat' dir='ltr'>XIV.</span> <span class='ocrx_word' id='word_1_199' title='bbox 644 2047 726 2081; x_wconf 82' lang='lat'>22.</span> <span class='ocrx_word' id='word_1_200' title='bbox 764 2028 1040 2096; x_wconf 84' lang='lat' dir='ltr'>thymalum</span> <span class='ocrx_word' id='word_1_201' title='bbox 1073 2047 1100 2081; x_wconf 92' lang='lat' dir='ltr'>e</span> <span class='ocrx_word' id='word_1_202' title='bbox 1130 2026 1407 2084; x_wconf 73' lang='lat' dir='ltr'>salmonum</span> <span class='ocrx_word' id='word_1_203' title='bbox 1433 2047 1613 2096; x_wconf 87' lang='lat' dir='ltr'>genere</span> <span class='ocrx_word' id='word_1_204' title='bbox 1641 2030 1865 2082; x_wconf 89' lang='lat' dir='ltr'>medium</span> <span class='ocrx_word' id='word_1_205' title='bbox 1898 2033 2022 2081; x_wconf 86' lang='lat' dir='ltr'>inter</span> <span class='ocrx_word' id='word_1_206' title='bbox 2048 2027 2114 2080; x_wconf 87' lang='lat' dir='ltr'>la-</span> 
     </span>
     <span class='ocr_line' id='line_1_25' title="bbox 232 2100 2114 2171; baseline -0.003 -9"><span class='ocrx_word' id='word_1_207' title='bbox 232 2109 431 2162; x_wconf 88' lang='lat' dir='ltr'>bracem</span> <span class='ocrx_word' id='word_1_208' title='bbox 467 2120 515 2159; x_wconf 89' lang='lat' dir='ltr'>et</span> <span class='ocrx_word' id='word_1_209' title='bbox 551 2102 810 2169; x_wconf 83' lang='lat' dir='ltr'>Cephalum</span> <span class='ocrx_word' id='word_1_210' title='bbox 845 2103 940 2155; x_wconf 82' lang='lat' dir='ltr'>effe</span> <span class='ocrx_word' id='word_1_211' title='bbox 975 2107 1040 2155; x_wconf 88' lang='lat' dir='ltr'>ait</span> <span class='ocrx_word' id='word_1_212' title='bbox 1085 2100 1259 2158; x_wconf 87' lang='lat' dir='ltr'>forma.</span> <span class='ocrx_word' id='word_1_213' title='bbox 1354 2102 1597 2156; x_wconf 86' lang='lat' dir='ltr'>Niloticus</span> <span class='ocrx_word' id='word_1_214' title='bbox 1636 2103 1974 2171; x_wconf 80' lang='lat' dir='ltr'>oxyrynchus,</span> <span class='ocrx_word' id='word_1_215' title='bbox 2032 2106 2114 2156; x_wconf 89' lang='lat' dir='ltr'>cui</span> 
     </span>
     <span class='ocr_line' id='line_1_26' title="bbox 231 2174 2112 2252; baseline -0.005 -14"><span class='ocrx_word' id='word_1_216' title='bbox 231 2186 530 2252; x_wconf 83' lang='lat' dir='ltr'>Aegyptiaca</span> <span class='ocrx_word' id='word_1_217' title='bbox 559 2178 729 2246; x_wconf 85' lang='lat' dir='ltr'>religio</span> <span class='ocrx_word' id='word_1_218' title='bbox 749 2178 1055 2230; x_wconf 88' lang='lat' dir='ltr'>securitatem</span> <span class='ocrx_word' id='word_1_219' title='bbox 1077 2175 1322 2246; x_wconf 81' lang='lat' dir='ltr'>publicam</span> <span class='ocrx_word' id='word_1_220' title='bbox 1343 2176 1633 2246; x_wconf 78' lang='lat' dir='ltr'>praestabat„</span> <span class='ocrx_word' id='word_1_221' title='bbox 1673 2177 1872 2231; x_wconf 59' lang='lat' dir='ltr'>audiore</span> <span class='ocrx_word' id='word_1_222' title='bbox 1894 2174 2112 2231; x_wconf 78' lang='lat' dir='ltr'>Aeliuuo</span> 
     </span>
     <span class='ocr_line' id='line_1_27' title="bbox 231 2250 2112 2322; baseline -0.004 -11"><span class='ocrx_word' id='word_1_223' title='bbox 231 2263 292 2314; x_wconf 89' lang='lat' dir='ltr'>X.</span> <span class='ocrx_word' id='word_1_224' title='bbox 315 2264 398 2319; x_wconf 79' lang='lat'>46.</span> <span class='ocrx_word' id='word_1_225' title='bbox 447 2253 658 2307; x_wconf 87' lang='lat' dir='ltr'>diversus</span> <span class='ocrx_word' id='word_1_226' title='bbox 679 2270 705 2304; x_wconf 87' lang='lat' dir='ltr'>a</span> <span class='ocrx_word' id='word_1_227' title='bbox 730 2251 936 2322; x_wconf 89' lang='lat' dir='ltr'>cephalo</span> <span class='ocrx_word' id='word_1_228' title='bbox 960 2250 1180 2318; x_wconf 89' lang='lat' dir='ltr'>ejusdem</span> <span class='ocrx_word' id='word_1_229' title='bbox 1200 2254 1416 2319; x_wconf 88' lang='lat' dir='ltr'>nominis</span> <span class='ocrx_word' id='word_1_230' title='bbox 1442 2250 1535 2304; x_wconf 83' lang='lat' dir='ltr'>effe</span> <span class='ocrx_word' id='word_1_231' title='bbox 1555 2252 1770 2314; x_wconf 85' lang='lat' dir='ltr'>videtur,</span> <span class='ocrx_word' id='word_1_232' title='bbox 1810 2251 1843 2306; x_wconf 87' lang='lat' dir='ltr'>fi</span> <span class='ocrx_word' id='word_1_233' title='bbox 1870 2253 1992 2304; x_wconf 84' lang='lat' dir='ltr'>fides</span> <span class='ocrx_word' id='word_1_234' title='bbox 2017 2251 2112 2304; x_wconf 87' lang='lat' dir='ltr'>ulla</span> 
     </span>
     <span class='ocr_line' id='line_1_28' title="bbox 231 2323 2114 2396; baseline -0.005 -9"><span class='ocrx_word' id='word_1_235' title='bbox 231 2325 518 2388; x_wconf 68' lang='lat' dir='ltr'>Plutarcho</span> <span class='ocrx_word' id='word_1_236' title='bbox 555 2327 617 2380; x_wconf 91' lang='lat' dir='ltr'>de</span> <span class='ocrx_word' id='word_1_237' title='bbox 646 2325 764 2379; x_wconf 89' lang='lat' dir='ltr'>Ifide</span> <span class='ocrx_word' id='word_1_238' title='bbox 806 2343 854 2394; x_wconf 87' lang='lat' dir='ltr'>p.</span> <span class='ocrx_word' id='word_1_239' title='bbox 896 2344 1013 2389; x_wconf 70' lang='lat'>353.</span> <span class='ocrx_word' id='word_1_240' title='bbox 1069 2328 1154 2396; x_wconf 91' lang='lat' dir='ltr'>qui</span> <span class='ocrx_word' id='word_1_241' title='bbox 1185 2323 1457 2377; x_wconf 89' lang='lat' dir='ltr'>Niloticum</span> <span class='ocrx_word' id='word_1_242' title='bbox 1495 2326 1838 2393; x_wconf 82' lang='lat' dir='ltr'>oxyrynchum</span> <span class='ocrx_word' id='word_1_243' title='bbox 1866 2331 2114 2378; x_wconf 87' lang='lat' dir='ltr'>marinum</span> 
     </span>
     <span class='ocr_line' id='line_1_29' title="bbox 230 2396 2115 2470; baseline -0.004 -10"><span class='ocrx_word' id='word_1_244' title='bbox 230 2405 368 2466; x_wconf 84' lang='lat' dir='ltr'>facit3</span> <span class='ocrx_word' id='word_1_245' title='bbox 410 2406 722 2457; x_wconf 85' lang='lat' dir='ltr'>carnivorum</span> <span class='ocrx_word' id='word_1_246' title='bbox 746 2399 840 2453; x_wconf 85' lang='lat' dir='ltr'>effe</span> <span class='ocrx_word' id='word_1_247' title='bbox 862 2419 923 2453; x_wconf 81' lang='lat' dir='ltr'>ex</span> <span class='ocrx_word' id='word_1_248' title='bbox 944 2400 1039 2469; x_wconf 71' lang='lat' dir='ltr'>ipsa</span> <span class='ocrx_word' id='word_1_249' title='bbox 1071 2401 1345 2451; x_wconf 86' lang='lat' dir='ltr'>narratione</span> <span class='ocrx_word' id='word_1_250' title='bbox 1365 2398 1478 2453; x_wconf 89' lang='lat' dir='ltr'>licet</span> <span class='ocrx_word' id='word_1_251' title='bbox 1502 2418 1721 2468; x_wconf 87' lang='lat' dir='ltr'>arguere.</span> <span class='ocrx_word' id='word_1_252' title='bbox 1795 2396 2115 2470; x_wconf 73' lang='lat' dir='ltr'>Aristobulus</span> 
     </span>
     <span class='ocr_line' id='line_1_30' title="bbox 231 2471 2112 2550; baseline -0.004 -16"><span class='ocrx_word' id='word_1_253' title='bbox 231 2480 365 2550; x_wconf 85' lang='lat' dir='ltr'>apud</span> <span class='ocrx_word' id='word_1_254' title='bbox 398 2472 700 2532; x_wconf 65' lang='lat' dir='ltr'>Strabonem</span> <span class='ocrx_word' id='word_1_255' title='bbox 737 2473 862 2528; x_wconf 89' lang='lat' dir='ltr'>libro</span> <span class='ocrx_word' id='word_1_256' title='bbox 893 2478 1036 2527; x_wconf 89' lang='lat' dir='ltr'>XVII.</span> <span class='ocrx_word' id='word_1_257' title='bbox 1063 2471 1303 2540; x_wconf 88' lang='lat' dir='ltr'>mugilem</span> <span class='ocrx_word' id='word_1_258' title='bbox 1327 2474 1620 2540; x_wconf 82' lang='lat' dir='ltr'>(cestreum)</span> <span class='ocrx_word' id='word_1_259' title='bbox 1650 2494 1677 2528; x_wconf 92' lang='lat' dir='ltr'>e</span> <span class='ocrx_word' id='word_1_260' title='bbox 1704 2479 1826 2528; x_wconf 85' lang='lat' dir='ltr'>mari</span> <span class='ocrx_word' id='word_1_261' title='bbox 1858 2479 1907 2527; x_wconf 89' lang='lat' dir='ltr'>in</span> <span class='ocrx_word' id='word_1_262' title='bbox 1940 2473 2112 2526; x_wconf 87' lang='lat' dir='ltr'>Nilum</span> 
     </span>
     <span class='ocr_line' id='line_1_31' title="bbox 188 2546 2111 2620; baseline -0.004 -11"><span class='ocrx_word' id='word_1_263' title='bbox 188 2591 191 2593; x_wconf 19' lang='grc' dir='ltr'><strong>Δ</strong></span> <span class='ocrx_word' id='word_1_264' title='bbox 230 2553 488 2610; x_wconf 80' lang='lat' dir='ltr'>ascendere</span> <span class='ocrx_word' id='word_1_265' title='bbox 509 2550 648 2604; x_wconf 87' lang='lat' dir='ltr'>tradit</span> <span class='ocrx_word' id='word_1_266' title='bbox 669 2562 1018 2620; x_wconf 86' lang='lat' dir='ltr'>praegnantem</span> <span class='ocrx_word' id='word_1_267' title='bbox 1038 2566 1151 2601; x_wconf 92' lang='lat' dir='ltr'>vere</span> <span class='ocrx_word' id='word_1_268' title='bbox 1165 2584 1179 2609; x_wconf 90' lang='lat'>,</span> <span class='ocrx_word' id='word_1_269' title='bbox 1214 2546 1363 2616; x_wconf 90' lang='lat' dir='ltr'>paulo</span> <span class='ocrx_word' id='word_1_270' title='bbox 1385 2566 1502 2620; x_wconf 90' lang='lat' dir='ltr'>vero</span> <span class='ocrx_word' id='word_1_271' title='bbox 1527 2563 1638 2601; x_wconf 87' lang='lat' dir='ltr'>ante</span> <span class='ocrx_word' id='word_1_272' title='bbox 1658 2548 1861 2617; x_wconf 88' lang='lat' dir='ltr'>Plejadis</span> <span class='ocrx_word' id='word_1_273' title='bbox 1881 2550 2111 2603; x_wconf 89' lang='lat' dir='ltr'>occasum</span> 
     </span>
     <span class='ocr_line' id='line_1_32' title="bbox 229 2622 2112 2703; baseline -0.005 -19"><span class='ocrx_word' id='word_1_274' title='bbox 229 2635 499 2703; x_wconf 87' lang='lat' dir='ltr'>pariturum</span> <span class='ocrx_word' id='word_1_275' title='bbox 519 2628 709 2693; x_wconf 85' lang='lat' dir='ltr'>magnis</span> <span class='ocrx_word' id='word_1_276' title='bbox 732 2627 905 2676; x_wconf 87' lang='lat' dir='ltr'>turmis</span> <span class='ocrx_word' id='word_1_277' title='bbox 928 2622 1247 2683; x_wconf 74' lang='lat' dir='ltr'>descendere,</span> <span class='ocrx_word' id='word_1_278' title='bbox 1285 2635 1332 2674; x_wconf 88' lang='lat' dir='ltr'>et</span> <span class='ocrx_word' id='word_1_279' title='bbox 1356 2636 1462 2675; x_wconf 91' lang='lat' dir='ltr'>tum</span> <span class='ocrx_word' id='word_1_280' title='bbox 1489 2627 1609 2693; x_wconf 89' lang='lat' dir='ltr'>capi.</span> <span class='ocrx_word' id='word_1_281' title='bbox 1683 2628 1830 2696; x_wconf 90' lang='lat' dir='ltr'>Sequi</span> <span class='ocrx_word' id='word_1_282' title='bbox 1853 2643 1972 2678; x_wconf 89' lang='lat' dir='ltr'>vero</span> <span class='ocrx_word' id='word_1_283' title='bbox 1993 2642 2112 2677; x_wconf 89' lang='lat' dir='ltr'>eum</span> 
     </span>
     <span class='ocr_line' id='line_1_33' title="bbox 229 2695 2109 2773; baseline -0.004 -15"><span class='ocrx_word' id='word_1_284' title='bbox 229 2710 295 2759; x_wconf 84' lang='lat' dir='ltr'>ait</span> <span class='ocrx_word' id='word_1_285' title='bbox 316 2701 515 2757; x_wconf 85' lang='lat' dir='ltr'>naturali</span> <span class='ocrx_word' id='word_1_286' title='bbox 540 2699 752 2773; x_wconf 88' lang='lat' dir='ltr'>quadam</span> <span class='ocrx_word' id='word_1_287' title='bbox 779 2698 1009 2751; x_wconf 89' lang='lat' dir='ltr'>societate</span> <span class='ocrx_word' id='word_1_288' title='bbox 1042 2714 1256 2766; x_wconf 89' lang='lat' dir='ltr'>porcum</span> <span class='ocrx_word' id='word_1_289' title='bbox 1283 2695 1556 2750; x_wconf 87' lang='lat' dir='ltr'>Niloticum</span> <span class='ocrx_word' id='word_1_290' title='bbox 1589 2700 1722 2765; x_wconf 75' lang='lat' dir='ltr'>juxta</span> <span class='ocrx_word' id='word_1_291' title='bbox 1753 2698 1939 2761; x_wconf 86' lang='lat' dir='ltr'>littora,</span> <span class='ocrx_word' id='word_1_292' title='bbox 1985 2717 2048 2751; x_wconf 88' lang='lat' dir='ltr'>ne</span> <span class='ocrx_word' id='word_1_293' title='bbox 2082 2714 2109 2750; x_wconf 84' lang='lat' dir='ltr'>a</span> 
     </span>
     <span class='ocr_line' id='line_1_34' title="bbox 228 2769 2107 2839; baseline -0.004 -7"><span class='ocrx_word' id='word_1_294' title='bbox 228 2776 485 2833; x_wconf 88' lang='lat' dir='ltr'>crocodilo</span> <span class='ocrx_word' id='word_1_295' title='bbox 506 2776 782 2828; x_wconf 86' lang='lat' dir='ltr'>devoretur.</span> <span class='ocrx_word' id='word_1_296' title='bbox 796 2802 867 2821; x_wconf 90' lang='lat'>.-</span> <span class='ocrx_word' id='word_1_297' title='bbox 944 2769 1273 2839; x_wconf 86' lang='lat' dir='ltr'>Oxyrynchus</span> <span class='ocrx_word' id='word_1_298' title='bbox 1295 2774 1440 2823; x_wconf 87' lang='lat' dir='ltr'>maris</span> <span class='ocrx_word' id='word_1_299' title='bbox 1471 2770 1605 2825; x_wconf 87' lang='lat' dir='ltr'>rubri</span> <span class='ocrx_word' id='word_1_300' title='bbox 1625 2772 1800 2830; x_wconf 87' lang='lat' dir='ltr'>dicitur</span> <span class='ocrx_word' id='word_1_301' title='bbox 1824 2777 1968 2826; x_wconf 87' lang='lat' dir='ltr'>etiam</span> <span class='ocrx_word' id='word_1_302' title='bbox 1992 2791 2107 2825; x_wconf 87' lang='lat' dir='ltr'>acu-</span> 
     </span>
     <span class='ocr_line' id='line_1_35' title="bbox 228 2843 2104 2918; baseline -0.004 -12"><span class='ocrx_word' id='word_1_303' title='bbox 228 2855 336 2914; x_wconf 83' lang='lat' dir='ltr'>tum</span> <span class='ocrx_word' id='word_1_304' title='bbox 354 2851 533 2905; x_wconf 88' lang='lat' dir='ltr'>habere</span> <span class='ocrx_word' id='word_1_305' title='bbox 553 2850 765 2911; x_wconf 75' lang='lat' dir='ltr'>rostrum</span> <span class='ocrx_word' id='word_1_306' title='bbox 787 2861 835 2900; x_wconf 91' lang='lat' dir='ltr'>et</span> <span class='ocrx_word' id='word_1_307' title='bbox 856 2865 1034 2916; x_wconf 87' lang='lat' dir='ltr'>corpus</span> <span class='ocrx_word' id='word_1_308' title='bbox 1055 2850 1184 2900; x_wconf 90' lang='lat' dir='ltr'>varie</span> <span class='ocrx_word' id='word_1_309' title='bbox 1204 2843 1417 2915; x_wconf 60' lang='lat' dir='ltr'>pictum,</span> <span class='ocrx_word' id='word_1_310' title='bbox 1444 2844 1556 2899; x_wconf 82' lang='lat' dir='ltr'>alias</span> <span class='ocrx_word' id='word_1_311' title='bbox 1574 2851 1771 2915; x_wconf 85' lang='lat' dir='ltr'>ignotus</span> <span class='ocrx_word' id='word_1_312' title='bbox 1794 2848 1920 2918; x_wconf 87' lang='lat' dir='ltr'>apud</span> <span class='ocrx_word' id='word_1_313' title='bbox 1938 2844 2104 2899; x_wconf 74' lang='lat' dir='ltr'><em>Aelia-</em></span> 
     </span>
     <span class='ocr_line' id='line_1_36' title="bbox 193 2919 2102 2990; baseline -0.005 -9"><span class='ocrx_word' id='word_1_314' title='bbox 193 2964 196 2966; x_wconf 31' lang='lat'>*</span> <span class='ocrx_word' id='word_1_315' title='bbox 228 2942 345 2989; x_wconf 71' lang='lat' dir='ltr'>num</span> <span class='ocrx_word' id='word_1_316' title='bbox 370 2932 449 2980; x_wconf 85' lang='lat' dir='ltr'>XI.</span> <span class='ocrx_word' id='word_1_317' title='bbox 474 2944 556 2989; x_wconf 88' lang='lat'>24.</span> <span class='ocrx_word' id='word_1_318' title='bbox 611 2920 940 2990; x_wconf 81' lang='lat' dir='ltr'>Oxyrynchus</span> <span class='ocrx_word' id='word_1_319' title='bbox 962 2939 1090 2974; x_wconf 87' lang='lat' dir='ltr'>vero</span> <span class='ocrx_word' id='word_1_320' title='bbox 1114 2919 1336 2986; x_wconf 89' lang='lat' dir='ltr'>ejusdem</span> <span class='ocrx_word' id='word_1_321' title='bbox 1370 2920 1569 2988; x_wconf 87' lang='lat' dir='ltr'>Caspius</span> <span class='ocrx_word' id='word_1_322' title='bbox 1590 2926 1734 2974; x_wconf 86' lang='lat' dir='ltr'>XVII.</span> <span class='ocrx_word' id='word_1_323' title='bbox 1774 2941 1853 2983; x_wconf 85' lang='lat'>32.</span> <span class='ocrx_word' id='word_1_324' title='bbox 1888 2921 1947 2973; x_wconf 85' lang='lat' dir='ltr'>ad</span> <span class='ocrx_word' id='word_1_325' title='bbox 1980 2922 2102 2973; x_wconf 85' lang='lat' dir='ltr'>Aci.-</span> 
     </span>
     <span class='ocr_line' id='line_1_37' title="bbox 226 2991 2099 3074; baseline -0.004 -18"><span class='ocrx_word' id='word_1_326' title='bbox 226 3004 435 3074; x_wconf 84' lang='lat' dir='ltr'>penseris</span> <span class='ocrx_word' id='word_1_327' title='bbox 459 3015 615 3067; x_wconf 87' lang='lat' dir='ltr'>genus</span> <span class='ocrx_word' id='word_1_328' title='bbox 634 3000 851 3069; x_wconf 86' lang='lat' dir='ltr'>pertinet.</span> <span class='ocrx_word' id='word_1_329' title='bbox 871 3025 939 3037; x_wconf 88' lang='lat'>--</span> <span class='ocrx_word' id='word_1_330' title='bbox 1014 2991 1338 3049; x_wconf 66' lang='lat' dir='ltr'>Xenocrates</span> <span class='ocrx_word' id='word_1_331' title='bbox 1358 2993 1419 3046; x_wconf 88' lang='lat' dir='ltr'>de</span> <span class='ocrx_word' id='word_1_332' title='bbox 1440 2993 1699 3048; x_wconf 84' lang='lat' dir='ltr'>Alimento</span> <span class='ocrx_word' id='word_1_333' title='bbox 1732 3014 1833 3065; x_wconf 86' lang='lat' dir='ltr'>cap.</span> <span class='ocrx_word' id='word_1_334' title='bbox 1868 3015 1943 3047; x_wconf 71' lang='grc' dir='ltr'>ιο.</span> <span class='ocrx_word' id='word_1_335' title='bbox 2002 2999 2099 3050; x_wconf 87' lang='lat' dir='ltr'>Ce-</span> 
     </span>
     <span class='ocr_line' id='line_1_38' title="bbox 224 3068 2098 3146; baseline -0.006 -14"><span class='ocrx_word' id='word_1_336' title='bbox 224 3080 405 3132; x_wconf 82' lang='lat' dir='ltr'>streum</span> <span class='ocrx_word' id='word_1_337' title='bbox 428 3073 673 3146; x_wconf 85' lang='lat' dir='ltr'>pelagium</span> <span class='ocrx_word' id='word_1_338' title='bbox 691 3072 772 3125; x_wconf 91' lang='lat' dir='ltr'>seu</span> <span class='ocrx_word' id='word_1_339' title='bbox 795 3088 856 3123; x_wconf 88' lang='lat' dir='ltr'>ex</span> <span class='ocrx_word' id='word_1_340' title='bbox 877 3068 976 3122; x_wconf 89' lang='lat' dir='ltr'>alto</span> <span class='ocrx_word' id='word_1_341' title='bbox 999 3073 1120 3121; x_wconf 89' lang='lat' dir='ltr'>mari</span> <span class='ocrx_word' id='word_1_342' title='bbox 1138 3072 1344 3139; x_wconf 88' lang='lat' dir='ltr'>petitum</span> <span class='ocrx_word' id='word_1_343' title='bbox 1367 3072 1617 3138; x_wconf 86' lang='lat' dir='ltr'>optimum</span> <span class='ocrx_word' id='word_1_344' title='bbox 1639 3070 1718 3121; x_wconf 75' lang='lat' dir='ltr'>efii</span> <span class='ocrx_word' id='word_1_345' title='bbox 1738 3069 1998 3139; x_wconf 86' lang='lat' dir='ltr'>praedicat,</span> <span class='ocrx_word' id='word_1_346' title='bbox 2023 3073 2098 3121; x_wconf 90' lang='lat' dir='ltr'>in-</span> 
     </span>
     <span class='ocr_line' id='line_1_39' title="bbox 221 3142 2097 3225; baseline -0.006 -19"><span class='ocrx_word' id='word_1_347' title='bbox 221 3156 387 3225; x_wconf 85' lang='lat' dir='ltr'>primis</span> <span class='ocrx_word' id='word_1_348' title='bbox 398 3150 433 3210; x_wconf 88' lang='lat' dir='ltr'>fi</span> <span class='ocrx_word' id='word_1_349' title='bbox 442 3152 710 3209; x_wconf 80' lang='lat' dir='ltr'>fluviorum</span> <span class='ocrx_word' id='word_1_350' title='bbox 723 3164 846 3220; x_wconf 86' lang='lat' dir='ltr'>aqua</span> <span class='ocrx_word' id='word_1_351' title='bbox 861 3143 1059 3217; x_wconf 84' lang='lat' dir='ltr'>limpida</span> <span class='ocrx_word' id='word_1_352' title='bbox 1074 3158 1121 3198; x_wconf 89' lang='lat' dir='ltr'>et</span> <span class='ocrx_word' id='word_1_353' title='bbox 1132 3142 1265 3197; x_wconf 88' lang='lat' dir='ltr'>dulci</span> <span class='ocrx_word' id='word_1_354' title='bbox 1282 3146 1519 3204; x_wconf 80' lang='lat' dir='ltr'>marinam</span> <span class='ocrx_word' id='word_1_355' title='bbox 1532 3143 1762 3199; x_wconf 82' lang='lat' dir='ltr'>duritiem</span> <span class='ocrx_word' id='word_1_356' title='bbox 1777 3143 2069 3207; x_wconf 83' lang='lat' dir='ltr'>emolliverit</span> <span class='ocrx_word' id='word_1_357' title='bbox 2081 3163 2097 3205; x_wconf 89' lang='lat'>;</span> 
     </span>
     <span class='ocr_line' id='line_1_40' title="bbox 1132 3221 2095 3281; baseline -0.004 -6"><span class='ocrx_word' id='word_1_358' title='bbox 1132 3260 1150 3276; x_wconf 40' lang='lat' dir='ltr'>v</span> <span class='ocrx_word' id='word_1_359' title='bbox 1201 3221 1247 3271; x_wconf 76' lang='lat' dir='ltr'><strong>K</strong></span> <span class='ocrx_word' id='word_1_360' title='bbox 1290 3235 1313 3281; x_wconf 80' lang='lat'>3</span> <span class='ocrx_word' id='word_1_361' title='bbox 1974 3236 2095 3273; x_wconf 81' lang='lat' dir='ltr'>con·-</span> 
     </span>
    </p>
   </div>
   <div class='ocr_carea' id='block_1_4' title="bbox 1032 375 1322 385">
    <p class='ocr_par' dir='ltr' id='par_1_4' title="bbox 1032 375 1322 385">
     <span class='ocr_line' id='line_1_41' title="bbox 1032 375 1322 385; baseline 0 3390"><span class='ocrx_word' id='word_1_362' title='bbox 1032 375 1322 385; x_wconf 95' lang='lat' dir='ltr'> </span> 
     </span>
    </p>
   </div>
  </div>
 </body>
</html>
