2571 3775
425 357 540 409 252.
599 350 610 353 -
830 358 834 360 v
1221 349 1512 373 ..-.......

419 467 588 540 vrak,
637 469 719 523 seu
739 467 1128 523 ‘instrumentum
1159 464 1310 532 illud,
1354 487 1457 542 quo
1486 472 1796 524 marmorarii
1828 466 2058 524 incidunt
2077 464 2329 536 marmor,

430 549 662 618 utrinque
692 544 947 598 hamatum
976 543 1169 597 videtur
1198 543 1422 597 additum
1454 549 1608 616 'atque
1638 545 1884 599 insertum
1903 545 2121 600 habuiffe
2153 565 2328 599 manu·
2388 611 2390 616 y

431 619 597 674 brium
622 618 869 689 ligneum,
919 637 1022 691 quo
1049 619 1226 688 projici
1255 618 1409 672 telum
1440 619 1597 690 Posset
1625 624 1675 672 in
1707 619 1935 673 belluam.
2052 620 2206 673 Simul
2229 619 2330 674 telo

433 695 668 750 insertum
697 692 928 746 haerebat
947 696 1244 762 principium
1268 694 1546 763 stupearum
1567 694 1858 757 cordarum,
1893 713 2010 768 quas
2035 694 2226 748 belluae
2248 714 2334 751 au·
2371 703 2374 706 ’

433 767 641 838 fugienti
661 765 1018 827 immittebant3
1061 766 1243 819 deinde
1265 785 1384 820 vero
1413 766 1499 820 ubi
1528 770 1759 836 sanguine
1782 768 1946 824 multo
1964 771 2117 823 effuso
2139 767 2332 823 defece-

435 859 507 897 rat
538 842 720 895 iisdem
749 841 916 895 cordis
950 844 999 893 in
1029 843 1232 908 navigiis
1272 845 1471 895 retentis
1501 843 1563 896 ad
1593 843 1705 896 litus
1743 842 1997 897 imbellem
2035 842 2331 915 hippopota-

434 935 578 972 mum
605 914 962 986 pertrahebant.
1075 914 1228 968 Volui
1249 914 1371 968 haec
1392 915 1638 986 copiosius
1666 916 1935 988 explicare,
1970 924 2207 990 quoniam
2237 939 2330 990 po·-

433 993 672 1050 stremum
694 986 929 1044 Diodori
949 988 1192 1044 editorem
1213 1007 1238 1042 a
1258 990 1394 1043 sensu
1415 1008 1534 1045 vero
1553 988 1815 1059 hujus‘loci
1835 991 2069 1046 aberraffe
2090 992 2336 1046 videbam.

586 1105 894 1172 Nearclnw,
934 1109 1206 1164 Alexandri
1225 1109 1328 1163 dux
1358 1125 1406 1164 et
1427 1112 1589 1165 socius
1614 1115 1663 1164 in
1688 1114 1857 1165 itinere
1885 1112 2085 1175 Indico,
2118 1130 2333 1184 eumque
2400 1123 2403 1126 ’

437 1184 630 1241 secutus
651 1180 1009 1255 Eratosthenes
1037 1185 1230 1238 inludo
1250 1188 1404 1240 fluvio
1438 1190 1639 1257 reperiri
1660 1185 2080 1257 hippopotamum
2110 1201 2333 1255 negaram

439 1261 745 1313 contrarium
773 1257 1004 1312 afferebat
1025 1256 1364 1328 Οφῑξίίενὶΐῑω,
1403 1261 1541 1313 idem
1558 1260 1830 1314 Alexandri
1861 1262 2051 1324 locius,
2085 1266 2155 1314 uti
2187 1261 2332 1314 refert

439 1330 639 1402 Strabo,
662 1334 1011 1404 Geographiae
1031 1339 1111 1386 XI.
1146 1351 1192 1403 p.
1220 1353 1374 1388 1012.
1403 1350 1450 1388 et
1471 1355 1517 1406 p.
1544 1353 1698 1401 1033.
1788 1339 1923 1390 Cum
1944 1331 2188 1391 lVemclzo
2219 1335 2337 1388 facit

441 1405 741 1480 Pausanias
769 1411 935 1480 postea
969 1407 1268 1470 laudandus3
1327 1429 1444 1462 cum
1475 1407 1752 1480 Otzrficriz‘o
1781 1407 2127 1477 Philostratus
2159 1413 2211 1461 in
2243 1414 2335 1462 vita

444 1482 735 1552 Apollonii,
791 1498 841 1536 et
871 1479 942 1539 N
939 1500 1099 1537 mmm·
1129 1486 1180 1537 in
1211 1485 1526 1552 Dionyfiacis.
1637 1479 1832 1539 Strabo
1865 1489 2011 1538 etiam
2045 1489 2095 1537 in
2122 1498 2339 1537 extrema

448 1555 646 1614 Africae
680 1576 766 1612 ora
798 1562 922 1611 circa
947 1557 1156 1611 Licham
1186 1559 1416 1629 paludem
1445 1558 1658 1632 aliquam
1680 1559 1835 1612 dulcis
1864 1578 2018 1632 aquae
2045 1559 2340 1629 hippopota-

450 1650 564 1686 mos
591 1646 637 1685 et
661 1631 942 1686 crocodilos
964 1632 1091 1686 alere
1114 1637 1177 1686 ait
1198 1633 1322 1688 libro
1347 1639 1473 1688 XVI.
1550 1632 1851 1687 Bambotum
1872 1652 2073 1687 amnem
2091 1637 2223 1701 juata
2246 1636 2345 1687 At·

446 1703 632 1762 ‚latitem
654 1705 851 1764 Africae
874 1706 1136 1761 crocodilis
1161 1723 1210 1761 et
1229 1708 1595 1780 hippopotamis
1618 1706 1852 1761 refertum
1868 1708 1961 1761 effe
1980 1709 2123 1761 tradit
2143 1727 2206 1761 ex
2224 1704 2340 1761 Pli-

450 1778 538 1835 tzio
560 1787 616 1834 V.
648 1780 748 1852 cap.
775 1802 812 1834 1.
851 1778 1059 1836 Solinus
1087 1800 1190 1852 cap.
1211 1801 1294 1845 27.
1368 1782 1499 1836 Male
1520 1787 1669 1850 igitur
1687 1784 1945 1854 scriptores
1971 1782 2123 1853 aliqui
2141 1781 2341 1851 ignobi-

452 1854 548 1918 les,
600 1855 749 1909 veluti
769 1851 1119 1923 Philostratus
1150 1869 1196 1909 et
1225 1853 1433 1910 Solinus
1459 1860 1510 1909 in
1539 1856 1642 1910 solo
1673 1856 1788 1910 Nilo
1817 1871 1865 1909 et
1889 1858 2012 1910 Indo
2043 1857 2342 1927 hippopota-

451 1949 565 1984 mos
588 1931 713 1983 nasci
739 1930 1048 1984 asseruerunt.
1096 1935 1174 1983 De
1196 1931 1320 1984 Indo
1342 1930 1562 1983 dubitare
1583 1929 1718 1996 jubet
1738 1929 1975 1984 silentium
1998 1935 2342 1985 itineratorum

453 2009 786 2058 recentiorum
809 2007 1062 2064 omnium3
1091 2019 1139 2057 et
1159 2009 1244 2076 qui
1264 2003 1395 2058 solus
1414 2004 1504 2058 illis
1528 2009 1828 2059 contrarium
1849 2005 1910 2058 de
1930 2004 2042 2059 Afia
2066 2005 2211 2058 tradit
2229 2003 2341 2059 Mi-

453 2075 775 2151 clzczelssozstn
806 2083 855 2131 in
884 2076 1024 2132 Flora
1054 2078 1236 2133 Sinenfi
1275 2085 1414 2144 1656
1450 2079 1636 2133 nullam
1663 2080 1818 2133 fidem
1851 2085 2046 2151 reperiit
2078 2080 2208 2152 apud
2233 2080 2341 2133 illu-

454 2154 600 2207 strem
622 2151 708 2208 Bu
757 2170 918 2207 omum.
1668 2184 1669 2187 =

602 2263 908 2317 Accedimus
929 2281 1060 2314 nunc
1090 2262 1150 2314 ad
1181 2276 1407 2333 quartum
1428 2266 1627 2316 notitiae
1652 2263 1715 2315 de
1744 2263 2112 2333 hippopotamo
2143 2265 2344 2319 traditae

457 2336 712 2393 auclore-m
743 2335 1000 2401 Plim'mn,
1044 2355 1196 2407 quem
1226 2337 1307 2388 fixa
1332 2355 1401 2400 *ex
1434 2336 1589 2389 aliena
1618 2335 1907 2390 aucloritate
1940 2337 2125 2410 ubique
2154 2340 2344 2393 duxisse

450 2416 659 2466 constat.
736 2417 778 2465 Is
807 2415 954 2480 igitur
975 2408 1102 2463 libro
1119 2414 1239 2462 Vm.
1271 2430 1311 2462 c.
1330 2428 1412 2473 25.
1446 2413 1635 2476 Major,
1672 2416 1843 2483 inquit,
1883 2411 2135 2467 altitudine
2166 2419 2343 2486 (quam

457 2486 766 2553 crocodilus)
797 2490 846 2539 in
867 2485 1048 2540 codem
1072 2483 1188 2537 Nilo
1208 2483 1368 2537 'bellua
1400 2484 1785 2556 hippopotamus
1815 2486 2000 2550 editur,
2044 2489 2241 2556 ungulis
2270 2488 2343 2541 bi-

458 2566 559 2624 nis,
598 2561 748 2634 qualis
772 2560 950 2622 bobus,
992 2559 1136 2613 dorso
1159 2563 1276 2630 equi
1299 2573 1346 2611 et
1364 2558 1477 2625 juba
1503 2574 1551 2612 et
1571 2559 1787 2623 hinnitu,
1817 2563 1973 2615 rostro
1995 2561 2198 2625 refimo,
2228 2582 2344 2616 cau-

461 2636 520 2689 da
541 2651 588 2689 et
607 2636 833 2689 dentibus
858 2652 1092 2705 aprorum
1118 2633 1348 2696 aduncis,
1382 2634 1462 2686 sed
1489 2638 1652 2687 minus
1682 2639 1869 2698 noxiis,
1909 2641 2114 2708 tergoris
2135 2639 2193 2691 ad
2213 2640 2343 2692 scuta

460 2710 717 2783 galeasque
746 2707 1154 2778 impenetrabilis,
1205 2721 1546 2778 praeterquam
1579 2707 1611 2760 fi
1639 2709 1852 2763 humore
1880 2710 2088 2763 madeat.
2200 2717 2343 2765 Hanc

459 2790 679 2856 priorem
709 2788 908 2838 notitiae
945 2796 1132 2854 partem
1173 2800 1235 2835 ex
1264 2778 1534 2850 Aristotele
1564 2782 1833 2853 traductam
1876 2784 1970 2836 effe
2010 2789 2094 2837 vix
2133 2785 2343 2839 dubitari

456 2860 591 2931 poffe
613 2860 831 2921 videtur,
864 2863 925 2911 ita
948 2860 1116 2912 omnia
1139 2856 1282 2927 plane
1303 2859 1616 2910 conveniunt.
1693 2863 1788 2910 Pro
1810 2859 1965 2911 rostro
1989 2858 2165 2914 refimo
2195 2859 2344 2930 lfido-

458 2952 576 2999 rus,
611 2933 806 2988 Auctor
827 2932 1027 3002 gallicus
1048 2933 1109 2985 de
1136 2948 1302 2984 rerum
1331 2942 1496 2982 natura
1520 2946 1570 2983 et
1598 2928 1650 2985 V
1655 2928 1900 2985 itzcetrtibts
1924 2936 2066 2986 XVII.
2097 2954 2200 3005 cap.
2229 2957 2244 2986 ι
2266 2942 2346 2997 36.

457 3025 653 3080 ponunt
683 3005 973 3081 refizpz'mmz
987 3027 1009 3076 ,·
1046 3007 1255 3059 caudam
1283 3010 1474 3057 tortmn
1505 3003 1651 3058 habet
1686 3002 1748 3059 V
1745 3004 2015 3070 immitius,
2060 3008 2343 3081 tortuosam

460 3082 715 3153 Isidorus,
750 3083 875 3136 adeo
897 3087 1019 3134 utin
1041 3078 1215 3134 Plinio
1239 3077 1539 3133 vocabulum
1565 3086 1707 3132 torta
1731 3080 1959 3149 excidisse
1978 3082 2178 3146 debeat,
2209 3085 2346 3154 quod

461 3163 657 3214 monuit
681 3161 828 3212 etiam
852 3155 1005 3211 Com:
1028 3153 1317 3228 Gcsszerus;
1350 3153 1433 3206 sed
1455 3150 1765 3208 Harduimts
1799 3154 1861 3209 de
1883 3172 1936 3208 ea
1959 3161 2187 3211 varietate
2208 3157 2349 3228 plane

2214 3247 2351 3287 tacet.
