2571 3775
1106 335 1400 357 ...-
2123 326 2229 397 323

279 449 477 523 Nempe
497 455 696 505 materia
716 447 935 505 animalis
953 486 967 511 ,
1010 452 1233 520 inprimis
1265 446 1547 502 medullaris
1569 467 1678 520 pars
1701 449 1785 505 seu
1804 452 2086 521 pinguedo,
2121 465 2227 513 tam,

279 525 547 599 aequaliter
572 540 620 579 et
636 527 781 578 firme
805 526 1011 577 terrestri
1030 525 1276 585 admixta,
1314 542 1408 576 nec
1431 521 1571 576 ullibi
1599 526 1811 594 separata
1834 540 1888 578 ut
1906 529 1957 579 in
1977 527 2224 598 plurimo·

280 620 393 656 rum
413 599 700 652 animalium
721 597 930 661 ostibus,
964 598 1132 652 haeret
1152 612 1207 651 ut
1226 597 1325 652 offa
1354 598 1450 668 ipsa
1472 599 1585 651 inde
1607 597 1948 652 transluceant.
2025 605 2080 653 In
2102 604 2221 654 cetis

279 688 449 728 contra
471 674 701 725 terrestris
725 692 836 743 pars
865 687 1054 726 temere
1087 673 1363 743 interspersa
1385 671 1582 725 animali
1597 677 1855 735 materiae,
1893 678 2222 727 maceratione

277 747 474 802 alcalina
497 746 734 814 disjundia
753 746 875 801 nihil
895 745 981 801 nifi
1010 751 1264 818 pumicem
1284 748 1523 801 monstrat
1541 750 1836 819 inquirenti,
1872 760 1918 800 et
1940 746 2082 802 facile
2104 747 2225 801 dila-

277 822 405 876 bitur
425 825 595 874 attrita.

428 902 568 950 Haec
591 894 692 948 fere
713 897 779 950 est
806 900 976 967 opinio
1003 894 1078 950 Cl.
1097 891 1212 949 Joh.
1234 891 1465 949 Hunteri
1488 895 1551 948 de
1572 895 1846 950 differentia
1865 897 2045 950 offium
2066 913 2220 965 gene-

273 973 338 1022 ris
359 974 556 1023 cetacei.
634 972 872 1025 Ceterum
903 971 1001 1040 ipsa
1030 974 1230 1023 materia
1262 971 1471 1023 terrestri
1501 989 1606 1023 non
1643 970 1738 1023 effe
1771 970 1951 1023 diversa
1972 970 2051 1022 sed
2075 974 2216 1040 copia

269 1044 479 1113 piscium
503 1044 609 1098 offa·
623 1062 649 1097 a
674 1043 871 1116 reliquis
891 1048 1140 1099 annotavit
1169 1043 1566 1113 diligentissimus
1587 1040 1853 1115 Heriffimt
1874 1048 1924 1098 in
1945 1043 2220 1101 Memoires

275 1118 338 1170 de
363 1117 639 1176 l’Academ.
666 1140 684 1176 i
700 1137 729 1184 7
741 1137 764 1184 5
778 1131 822 1180 8.
848 1137 896 1191 p.
923 1136 945 1183 3
961 1137 982 1183 3
998 1138 1042 1185 5.

1070 1248 1157 1303 Ad
1185 1266 1297 1320 pag.
1333 1267 1422 1315 74.

418 1344 503 1396 Ad
532 1344 631 1399 hoc
659 1345 867 1416 piscium
887 1361 1052 1413 -genus
1073 1381 1088 1408 ‚
1143 1345 1284 1416 quod
1314 1346 1553 1399 cestreum
1584 1342 1835 1418 appellavit
1866 1343 2213 1417 Philosophu8‚

267 1421 478 1487 pertinet
504 1418 602 1474 fine
631 1419 786 1474 dubio
816 1418 958 1473 locus
988 1420 1051 1472 de
1071 1422 1405 1489 Respiratione
1426 1438 1526 1489 cap.
1552 1439 1599 1484 9.
1622 1419 1705 1472 ubi
1726 1419 1914 1478 multos
1934 1422 2138 1491 piscium
2158 1424 2212 1474 in

265 1506 390 1544 terra
413 1497 574 1546 vivere
595 1497 835 1548 immotos
858 1508 1004 1566 atque
1024 1498 1086 1548 ita
1112 1494 1265 1547 effodi
1287 1498 1364 1546 ait.
1401 1498 1454 1545 In
1479 1493 1672 1547 Gallico
1697 1494 1778 1547 seu
1796 1497 2046 1562 Ligustico
2067 1495 2210 1548 litore

264 1580 422 1636 prope
453 1568 713 1621 Massiliam
744 1569 907 1622 lacum
949 1568 1164 1640 aliquem
1202 1567 1382 1622 foffiles
1414 1567 1597 1622 habere
1633 1570 1790 1638 pisces
1828 1570 1973 1622 tradit
2010 1568 2207 1623 Auc‘ior

261 1642 568 1694 Mirabilium
593 1645 865 1696 Narration.
941 1645 1375 1697 Accuratius‘rem
1405 1657 1564 1695 narrat
1592 1639 1847 1715 Polybius
1877 1644 2007 1714 apud
2038 1641 2202 1697 Athe-

262 1730 438 1768 naeum
461 1721 579 1768 Vm.
601 1735 641 1768 e.
664 1735 711 1767 2.
788 1722 971 1769 Tenue
1005 1717 1165 1770 solum
1198 1717 1326 1769 alere
1358 1720 1426 1770 ait
1454 1716 1662 1771 multam
1691 1719 1930 1785 agmstin,
1969 1722 2205 1786 graminis

262 1793 469 1859 aquatici
491 1809 673 1858 genus;
710 1790 797 1843 sub
819 1791 921 1845 hoc
954 1791 1148 1859 ingredi
1175 1790 1535 1843 redundantem
1558 1808 1620 1842 ex
1641 1794 1806 1845 fluviis
1825 1809 2007 1866 aquam
2027 1797 2075 1845 in
2098 1811 2205 1846 are-

260 1880 376 1915 nam
410 1863 696 1918 inferiorem
726 1865 788 1916 ad
817 1866 1032 1918 duorum
1072 1880 1120 1918 et
1157 1869 1307 1917 trium
1339 1864 1623 1918 cubitorum
1655 1863 1946 1919 alitudinem
1968 1904 1982 1929 ,
2056 1880 2205 1939 atque

259 1956 376 1990 cum
407 1956 462 1990 ea
495 1937 812 1992 subintrantes
844 1939 996 2009 pisces
1033 1937 1260 1991 delectari
1289 1942 1523 2007 graminis
1553 1938 1716 1991 radice
1742 1953 1890 2011 atque
1928 1939 1989 1993 ab
2022 1941 2213 1995 incolis¹

259 2012 429 2065 effodi.
460 2008 655 2066 Strabo
675 2018 753 2065 IV.
775 2031 822 2082 p.
855 2032 975 2074 27<-
1007 2012 1170 2066 lacum
1203 2012 1337 2073 hunc
1369 2032 1523 2083 prope
1554 2014 1886 2067 Ruscinonem
1920 2029 1967 2069 et
2001 2014 2201 2069 Salsulas

257 2085 442 2140 multos
462 2086 589 2140 alere
604 2088 755 2159 pisces
776 2085 956 2141 foffiles
976 2092 1054 2140 ait.
1085 2087 1250 2141 Effodi
1268 2086 1428 2142 solum
1448 2088 1509 2140 ad
1529 2087 1745 2141 duorum
1760 2102 1843 2142 aut
1854 2093 1999 2143 trium
2013 2090 2201 2160 pedum

257 2160 568 2214 altitudinem
588 2199 604 2224 ‚
663 2177 811 2233 atque
856 2161 1073 2215 immiffo
1108 2166 1157 2215 in
1193 2180 1374 2234 aquam
1402 2161 1626 2217 limosam
1661 2162 1872 2217 tridente
1903 2165 2055 2234 pisces
2090 2165 2199 2219 satis

254 2249 467 2304 magnos
489 2239 623 2306 capi,
660 2240 744 2307 qui
766 2235 1088 2304 anguillarum
1111 2238 1255 2290 instar
1279 2236 1400 2290 limo
1422 2235 1622 2290 alantur.
1701 2242 1756 2289 In
1777 2257 1879 2309 quo
1899 2238 2016 2293 loco
2038 2238 2199 2293 obiter

252 2314 534 2385 περπᾶροιᾼ
571 2304 662 2371 τόν
705 2306 872 2387 ἰχθύν
901 2310 1189 2365 emendabis
1221 2331 1282 2364 ex
1315 2311 1507 2366 Codice
1535 2312 1822 2384 Mosquenfi
1859 2331 1952 2383 pro
1994 2314 2196 2382 vulgato

253 2387 595 2460 παρχπᾶρη,
669 2386 871 2456 Aquam
899 2404 961 2438 ex
996 2389 1156 2440 fluviis
1187 2386 1548 2439 redundantem
1577 2388 1741 2457 postea
1772 2387 1937 2441 Etefiis
1966 2388 2196 2443 flantibus

241 2458 399 2514 obrui
419 2472 542 2510 terra
557 2495 572 2519 ,
601 2457 907 2530 solidamque
929 2461 1033 2512 fieri
1055 2462 1364 2531 superficiem
1394 2461 1541 2513 tradit
1563 2459 1758 2516 Aut‘lor
1775 2462 1982 2516 Mirabil.
2007 2468 2195 2517 Narrat.

253 2536 400 2600 Quae
423 2532 621 2604 quidem
641 2548 925 2600 argumenta
949 2533 982 2586 fi
1000 2554 1115 2587 cum
1134 2534 1553 2589 observationibus
1576 2539 1633 2589 iis
1661 2541 2038 2607 comparaveris,
2073 2556 2194 2610 quas

251 2610 303 2660 in
326 2605 650 2674 anguillarum
671 2606 863 2660 stabulis
890 2607 994 2662 sole
1024 2609 1270 2663 exsiccatis
1300 2608 1461 2680 plures
1490 2611 1582 2661 viri
1601 2610 1733 2664 dotti
1762 2616 2084 2683 repetierunt,
2130 2613 2194 2667 de

251 2681 354 2734 fide
376 2696 597 2734 veterum
621 2684 909 2752 scriptorum
931 2688 1011 2735 vix
1034 2683 1304 2747 dubitabis,
1346 2683 1428 2738 etfi
1448 2682 1642 2738 fuerunt
1663 2689 1748 2757 qui
1771 2706 1878 2740 rem
1898 2690 1946 2739 in
1967 2687 2194 2741 miraculi

249 2757 461 2825 speciem
493 2772 759 2823 augerent,
816 2761 883 2809 uti
916 2754 1127 2820 Livius,
1180 2762 1263 2830 qui
1293 2762 1343 2811 in
1380 2758 1576 2812 Gallico
1605 2778 1724 2827 agro
1752 2780 1844 2832 qua
1875 2761 2191 2816 iuduceretur

251 2844 464 2883 aratrum
486 2831 568 2882 sub
597 2831 915 2884 existentibus
941 2831 1094 2899 glebis
1118 2831 1272 2902 pisces
1295 2832 1529 2886 emerfiss‘e
1549 2831 1694 2888 refert
1714 2835 1842 2889 libro
1862 2855 1950 2901 42.

410 2902 551 2957 Solus
575 2900 768 2959 Scrfabo
791 2908 942 2976 pisces
961 2907 1054 2960 hos
1078 2906 1256 2961 fossiles
1288 2908 1498 2961 cestreos
1522 2913 1744 2962 nominat
1754 2931 1769 2971 3
1808 2925 1953 2982 atque
1978 2909 2188 2965 eosdem

241 2974 485 3046 intelligi,
566 2979 627 3031 de
666 2979 841 3049 qmbus
873 2980 978 3033 loca
1019 2979 1309 3054 Aristotelis
1356 2983 1530 3056 posui,
1607 3002 1774 3040 rerum
1819 2999 2104 3055 argumenta
2137 2999 2186 3041 et

243 3065 413 3106 natura
433 3054 527 3124 ipsa
547 3051 685 3108 facile
711 3055 1030 3125 persuadebit.

2027 3206 2181 3263 Pisces
