2571 3775
479 329 579 384 168

474 471 524 510 et
545 453 716 509 siluros
736 455 938 525 reperiri
959 471 1022 507 ex
1045 451 1163 506 Iuba
1189 451 1334 506 tradit
1352 456 1408 506 V.
1430 470 1533 524 cap.
1557 473 1606 520 9,
1699 457 1830 508 Inter
1856 457 2184 526 praegrandes
2214 460 2367 530 pisces

473 528 746 584 referuntur
765 529 893 583 filuri
920 533 971 582 in
1004 527 1121 582 Nilo
1152 531 1233 580 IX.
1268 548 1284 580 1
1303 548 1346 590 ς.
1407 528 1699 599 additurque
1736 529 1936 584 filurum
1977 531 2262 607 ubicunque
2296 534 2368 598 fit,

473 605 690 676 graffari,
723 622 882 659 omne.
904 602 1084 658 animal
1105 615 1451 673 appetentem,
1491 622 1650 675 equos
1683 609 1831 658 etiam
1861 620 2078 662 natantes
2105 608 2246 678 saepe
2278 610 2365 663 de-

473 694 800 748 mergentem.
855 680 977 747 Cap.
1009 683 1089 730 16.
1141 675 1449 729 fluviatilium
1479 677 1650 731 filurus
1681 680 2141 737 caniculae'exortu
2170 682 2364 738 fiderari

472 770 523 810 et
548 754 659 808 alias
682 754 869 823 semper
888 749 1084 820 fulgure
1104 752 1253 820 sopiri
1275 750 1466 803 dicitur.
1580 757 1694 806 Hoc
1725 769 1774 806 et
1804 758 1854 806 in
1876 762 1999 810 mari
2017 750 2254 812 'accidere
2282 777 2364 827 cy-

470 834 618 900 prino
639 840 826 898 putant.
903 830 1040 878 Haec
1068 825 1277 896 quidem
1295 823 1553 881 manifesto
1584 845 1647 880 ex
1677 825 1950 898 Aristotele
1974 832 2081 885 sunt
2112 831 2362 895 translata;

469 903 552 957 sed
583 907 621 956 is
653 904 912 971 cyprinum
940 918 1044 953 non
1074 898 1190 955 facit
1219 901 1467 952 marinum
1500 900 1582 953 sed
1611 901 1915 958 fluviatilem.
2027 906 2171 961 Solus
2211 911 2363 962 etiam

465 974 750 1050 Oppianus
770 979 803 1028 I.
839 993 955 1027 101.
977 987 1025 1028 et
1055 992 1174 1039 592.
1213 977 1472 1044 cyprinum
1491 978 1736 1029 marinum
1761 982 1997 1032 nominat.
2092 985 2170 1034 De
2203 984 2365 1036 custo-

462 1052 546 1104 dia
569 1069 787 1106 ovorum
805 1048 982 1103 eadem
999 1049 1080 1102 sed
1097 1046 1299 1101 vbrevius
1322 1048 1384 1101 de
1404 1046 1549 1103 filuro
1568 1050 1711 1104 tradit
1730 1056 1813 1105 IX.
1832 1072 1852 1111 ς
1871 1072 1912 1105 1.
1989 1054 2207 1126 Reliquis
2239 1055 2361 1110 loeis

467 1123 678 1182 Plinius
709 1129 761 1177 in
798 1124 1043 1177 medicina
1075 1137 1266 1176 tantum
1298 1121 1516 1177 'breviter
1547 1130 1773 1180 nominat
1802 1125 2027 1191 filurum,
2073 1129 2156 1182 sed
2192 1133 2362 1184 fluvia-

467 1200 606 1255 tilem
630 1199 829 1253 filurum
847 1198 1019 1252 diserte
1040 1202 1242 1251 XXXII.
1265 1215 1369 1268 cap.
1405 1217 1429 1249 ὲι
1442 1217 1488 1251 0.
1509 1203 1607 1270 „qui
1641 1214 1691 1253 et
1718 1200 1835 1255 alibi
1871 1221 2022 1275 quam
2052 1207 2103 1257 in
2127 1204 2247 1258 Nilo
2277 1224 2361 1259 na-

466 1276 641 1338 scitur,
699 1273 896 1327 addens.
975 1276 1143 1326 Locus
1174 1270 1254 1325 ille
1284 1290 1346 1325 ex
1381 1269 1693 1346 Dioscorida
1723 1274 1901 1330 duclus
1933 1280 2026 1340 est,
2074 1282 2163 1350 qui
2193 1283 2247 1332 Z.
2276 1298 2358 1346 29.

464 1348 639 1403 salsum
659 1347 859 1403 filurum
878 1361 1138 1400 memorat.
1223 1346 1514 1400 Salsamenta
1539 1367 1566 1401 e
1588 1347 1734 1405 filuro
1754 1350 1917 1408 laudat
1938 1349 2151 1407 Pbiuius
2183 1373 2287 1424 cap.
2310 1374 2359 1420 9.

467 1439 517 1484 et
542 1427 754 1479 muriam
777 1421 986 1488 ibidem,
1025 1440 1087 1474 ex
1114 1418 1444 1493 Dioscoridis
1463 1421 1581 1477 loco
1603 1422 1814 1481 laudato.
1929 1429 2099 1500 Atque
2128 1431 2191 1480 ita
2223 1429 2360 1483 vIdes

468 1488 702 1553 Plinium
740 1495 905 1566 glanin
944 1496 1104 1549 modo
1145 1499 1393 1550 marinum
1422 1498 1608 1569 piscem
1636 1495 1826 1565 facere,
1860 1499 1981 1556 talibi
2010 1520 2131 1559 vero
2160 1501 2362 1558 silurum

467 1571 757 1630 fluviatilem
785 1590 904 1625 cum
929 1589 992 1625 eo
1013 1572 1317 1642 permutare!

615 1715 866 1775 Aelianus
889 1723 992 1773 XII.
1024 1736 1103 1784 14.
1155 1717 1338 1773 Glanin
1366 1722 1418 1772 in
1448 1719 1723 1774 Maeandro
1753 1734 1800 1773 et
1827 1726 1983 1790 Lyco,
2012 1715 2154 1778 Aliae
2175 1727 2352 1788 fluviis,

466 1798 802 1869 praeterea-in
835 1799 1096 1861 Strymone
1127 1797 1328 1864 reperiri
1357 1797 1448 1855 ait,
1503 1796 1661 1864 specie
1701 1793 1847 1850 filuro
1890 1797 2124 1860 similem,
2178 1800 2357 1853 deinde

467 1875 639 1925 omnia
659 1867 803 1923 refert
826 1873 973 1922 etiarn
995 1868 1057 1920 de
1080 1867 1298 1922 custodia
1321 1886 1540 1921 ovorum
1563 1883 1610 1921 et
1631 1868 1812 1924 sobolis
1826 1909 1840 1933 ,
1899 1890 2026 1942 quae
2058 1870 2357 1943 Aristotefes

468 1944 628 1998 habet.
704 1942 775 1996 I-bi
795 1943 947 2011 vulgo
970 1936 1193 2021 Adym,
1232 1946 1440 2009 LagniS,
1487 1942 1856 2006 nominabatur,
1903 1946 2041 2017 quod
2073 1966 2261 2001 nomen
2289 1967 2356 2002 ex

466 2019 664 2074 Codice
685 2015 900 2089 Gesner-2⁰
927 2019 1128 2069 mutavi.
1213 2012 1462 2069 Belonius
1486 2016 1688 2083 Observ.
1713 2023 1744 2070 Ι.
1773 2039 1793 2080 5
1811 2039 1853 2080 ς.
1902 2024 2172 2087 Strymonis
2200 2024 2356 2093 pisces

468 2094 725 2148 recensens
745 2094 967 2146 nominat
994 2093 1142 2143 etiam
1165 2087 1430 2162 Glaignon
1458 2091 1538 2144 vel
1560 2088 1800 2156 Glanum,
1834 2093 1881 2146 id
1909 2097 1978 2148 est
2007 2094 2232 2158 filurum3
2272 2098 2354 2151 secl

469 2170 682 2238 speciem
714 2169 940 2236 corporis
970 2184 1074 2219 non
1114 2167 1284 2234 pingit.
1404 2161 1703 2238 Paufmzias
1746 2170 1798 2219 in
1838 2168 2142 2224 Messeniacis
2184 2171 2354 2226 filuros

468 2243 596 2304 Nili,
632 2240 767 2303 Indi,
805 2240 992 2302 Rheni,
1032 2241 1162 2300 Istri,
1190 2237 1448 2308 Euphratis
1481 2255 1529 2291 et
1556 2239 1765 2292 Phasidis
1797 2259 1823 2294 a
1855 2241 2004 2296 filuris
2022 2247 2276 2298 Maeandri
2303 2261 2355 2299 ct

469 2319 650 2371 Hermi
677 2316 950 2381 distinguit3
988 2311 1099 2365 illos
1116 2316 1256 2364 *enim
1283 2315 1467 2366 fluvios.
1485 2315 1636 2382 pisces
1659 2313 1786 2366 alere
1809 2318 1874 2368 ait
1903 2320 2254 2386 praegrandes,
2290 2325 2351 2373 ita

474 2407 526 2444 ut
557 2391 785 2443 homines
806 2391 953 2440 etiam
985 2386 1251 2448 devorent,
1287 2390 1374 2458 qui
1395 2387 1598 2458 quidem
1619 2386 1896 2455 glnnidibus
1916 2396 2089 2445 Hermi
2113 2408 2161 2446 et
2180 2399 2352 2448 Mean-

446 2466 547 2518 .dri
568 2466 725 2534 specie
746 2461 834 2515 fint
857 2459 1060 2522 similes,
1102 2459 1272 2514 colore
1301 2475 1468 2513 tamen
1496 2465 1737 2529 nigriores
1765 2479 1813 2516 et
1841 2464 2024 2520 viribus
2062 2468 2352 2539 superiores.

473 2539 624 2593 Vides
654 2540 801 2606 igitur
831 2535 893 2587 de
920 2538 1106 2588 minori
1138 2533 1295 2607 aliqua
1328 2535 1486 2605 specie
1526 2534 1776 2602 glanidem
1813 2541 2119 2609 interpretari
2148 2540 2350 2616 Paufiz-

467 2611 609 2668 ‘ssiam
620 2630 644 2680 ;
689 2625 834 2682 atque
854 2613 1065 2663 omnino
1088 2628 1202 2661 cum
1225 2627 1401 2677 magna
1422 2607 1478 2661 fit
1496 2608 1755 2664 filurorum
1788 2617 2018 2678 varietas,
2063 2614 2352 2684 Aristoteles

474 2688 537 2741 de
555 2685 740 2739 diversa
759 2703 784 2736 a
807 2685 974 2737 nostro
995 2682 1138 2736 filuro
1161 2683 1318 2752 specie
1342 2683 1482 2754 loqui
1502 2684 1725 2747 videtur,
1762 2685 2018 2755 diligenter
2045 2708 2075 2741 a
2111 2692 2159 2743 Ie
2185 2691 2349 2745 obser-

471 2777 613 2824 vatO,
653 2764 703 2812 in
735 2777 886 2831 quem
906 2761 1074 2810 omnia
1099 2760 1367 2810 convenire
1389 2756 1596 2821 debent,
1639 2778 1766 2830 quae
1794 2776 1976 2825 narr-at,
2024 2782 2148 2835 quae
2178 2780 2348 2819 contra

472 2842 522 2891 in
545 2835 690 2890 filuro
715 2834 881 2886 nostro
905 2850 1055 2885 nemo
1076 2844 1305 2901 expertus
1326 2832 1407 2884 est.
1482 2832 1622 2885 Idem
1642 2830 1891 2888 Aelianus
1923 2842 2022 2889 ΧΠ.
2058 2856 2140 2904 29.
2177 2839 2347 2895 siluros

435 2940 445 2946 -
470 2910 751 2964 mansuetos
783 2907 915 2959 lacus
943 2907 1236 2976 Aegyptiaci
1264 2905 1327 2958 ad
1354 2903 1529 2957 urbem
1565 2905 1829 2960 Bubastum
1870 2928 2259 2977 commemorat,
2301 2929 2350 2968 et

473 2984 650 3039 fimiles
674 2981 754 3035 sed
778 2984 992 3034 minores
1020 2984 1070 3032 in
1084 2980 1261 3046 Cydno
1275 2978 1475 3033 Ciliciae
1489 2982 1643 3033 fluvio
1664 2981 1791 3034 nasci
1814 2987 1892 3045 ait,
1918 2989 2063 3038 nimis
2074 2988 2252 3042 scilicet
2269 2987 2349 3043 sri-

429 3075 431 3077 ·
476 3058 618 3125 gido,
656 3075 772 3109 cum
794 3053 960 3109 filurus
983 3053 1172 3107 turbida
1195 3068 1244 3106 et
1264 3054 1472 3107 coenosa
1506 3054 1712 3121 gaudeat
1741 3074 1878 3126 aqua.
1973 3062 2159 3115 Contra
2194 3067 2351 3124 maio-

472 3149 553 3185 res
578 3131 704 3184 nasci
726 3134 775 3182 in
797 3132 1212 3196 fluviis.Pyramo..,
1251 3131 1396 3192 Saro,
1432 3130 1654 3190 Oronte,
1704 3130 2055 3188 Ptolemaeone
2085 3149 2134 3188 et
2164 3139 2213 3187 in
2241 3135 2351 3190 lacu

2134 3210 2356 3282 Apame-
