2571 3775
2005 330 2114 393 217

222 444 689 526 ἐπικαλῦμμοιτος,
727 445 869 517 ὅπως
895 451 1147 527 ’γίγνηταί
1184 452 1416 525 ταχεῖαι·
1449 462 1573 520 quae
1600 450 1723 504 mihi
1744 450 2014 521 fignificat-e
2034 458 2109 508 vi-

223 525 423 578 dentur:
463 531 514 577 in
534 524 854 590 cartilagineis
882 521 1227 573 branchiarum
1245 524 1395 590 ipiam
1419 537 1693 592 aperturam
1719 527 1941 582 contrahi
1960 542 2107 600 atque

221 603 395 668 aperiri
415 598 609 650 alternis
634 594 851 658 vicibuS,
891 598 1038 662 igitur
1059 594 1299 664 operculo
1323 614 1425 649 non
1458 596 1551 648 effe
1569 615 1707 666 opus.
1794 592 1950 653 Gaza
1984 620 2106 655 con-

219 684 290 725 tra
316 674 548 741 peffime:
591 668 918 741 quamobrem
940 673 990 721 in
1016 671 1208 739 spinatis
1230 688 1333 722 non
1352 670 1509 724 modo
1532 683 1896 738 tegumentum,
1932 691 2105 728 verum

220 750 370 798 etiam
407 742 489 813 ipfi
528 742 873 797 branchiarum
912 758 1100 796 meatus
1133 743 1512 805 contrahuntur,
1569 758 1622 796 ut
1656 743 1859 799 celerius
1897 750 2107 814 agatur.)

218 818 439 887 Qidam
472 816 624 886 pisces
654 817 859 880 multa8‚
919 815 996 871 alii
1028 835 1205 886 paucas
1238 816 1492 869 branchias
1530 817 1737 879 habent,
1788 818 1965 872 deinde
1994 839 2104 891 pars

215 889 481 961 fimplices,
519 892 719 963 quidam
740 891 986 962 duplices;
1038 893 1284 960 postrema
1301 895 1350 943 in
1370 891 1619 963 plerisque
1639 890 1858 960 simplex
1932 895 2102 948 Accu-

216 969 373 1037 ratius
389 968 473 1037 qui
495 966 631 1018 nosse
651 965 810 1028 volet,
851 978 1115 1019 anatomen
1135 964 1310 1017 harum
1329 969 1541 1032 partium
1574 980 1622 1018 et
1649 965 1867 1020 historias
1895 969 2102 1037 piscium

218 1039 452 1092 confidet.
542 1040 694 1094 Causa
715 1044 907 1092 numeri
929 1038 1276 1091 branchiarum
1294 1041 1362 1090 est
1383 1041 1433 1089 in
1456 1041 1643 1091 ratione
1666 1053 1713 1090 et
1735 1044 2001 1110 quantitate
2022 1061 2101 1095 ca-

211 1110 332 1166 loris
357 1116 409 1165 in
432 1114 598 1167 corde.
675 1112 1003 1168 Calidioribus
1029 1115 1163 1164 enim
1189 1110 1398 1180 piscibus
1420 1109 1612 1165 fortiori
1632 1126 1680 1164 et
1704 1111 1938 1167 celeriore
1958 1113 2101 1169 bran-

211 1185 437 1238 chiarum
457 1202 599 1241 motu
624 1206 749 1258 opus
772 1189 864 1248 est3
901 1203 1053 1259 quem
1081 1185 1141 1238 ad
1167 1185 1308 1237 usum
1327 1184 1588 1238 branchiae
1615 1184 1780 1255 plures
1802 1200 1850 1240 et
1880 1187 2099 1258 duplices

213 1262 624 1315 accommodatae
646 1263 753 1314 sunt
773 1264 928 1328 magis
944 1276 1092 1331 quam
1107 1257 1344 1328 simplices
1369 1273 1417 1312 et
1436 1263 1712 1329 pauciores.
1752 1261 2102 1329 Quamobrem

209 1331 361 1406 aliqui
382 1336 538 1405 pisces
560 1349 692 1388 extra
731 1352 878 1407 aquas
906 1338 1071 1387 vivere
1102 1332 1186 1385 diu
1207 1331 1430 1402 possunt,
1480 1331 1656 1406 quibus
1689 1333 1951 1389 branchiae
1979 1355 2101 1407 pau-v

210 1410 368 1461 ciores
399 1422 447 1461 et
476 1413 638 1464 minus
673 1408 857 1463 validae
889 1409 1022 1470 sunt,
1054 1406 1189 1460 velut
1221 1406 1487 1474 anguillae,
1525 1422 1572 1460 et
1594 1411 1878 1480 quicunque
1903 1411 2095 1481 serpen-

208 1494 317 1539 tum
337 1483 545 1553 speciem
571 1481 812 1544 referunt3
849 1485 961 1558 quia
983 1500 1086 1537 non
1103 1479 1257 1536 multa
1279 1479 1646 1550 refrigeratione
1672 1480 1857 1536 habent
1879 1501 2023 1555 opus.

353 1634 435 1684 De
481 1631 794 1702 respiratione
827 1631 1036 1703 piscium
1082 1642 1271 1684 veteres
1316 1627 1615 1699 physiologi,
1675 1629 2000 1698 Anaxagoras
2045 1646 2093 1687 et

204 1704 462 1771 Diogenes
495 1709 557 1759 ita
586 1710 1064 1776 pronunciaverunt,
1115 1702 1324 1757 auclore
1347 1700 1621 1774 Aristotele
1650 1702 1713 1756 de
1753 1706 2094 1774 Respiratione

204 1794 310 1846 cap.
332 1796 375 1837 2,
425 1780 749 1847 Anaxagoras
771 1779 975 1852 quidem
1004 1778 1156 1848 pisces
1191 1778 1313 1829 dum
1343 1795 1522 1848 aquam
1552 1795 1638 1847 per
1666 1775 1918 1833 branchias
1948 1785 2092 1833 emit-

201 1864 336 1913 tunt,
370 1870 535 1905 aerem
555 1871 643 1908 ore
668 1853 943 1924 expressum
975 1855 1204 1921 excipere
1236 1865 1380 1923 atque
1412 1852 1640 1920 inspirare
1672 1853 1859 1914 censet,
1918 1854 2093 1915 nullibi

202 1927 339 1977 enim
363 1925 457 1979 esse
485 1945 714 1981 vacuum.
799 1931 1056 1995 Diogenes
1085 1938 1253 1977 autem
1279 1925 1435 1994 pisces
1470 1925 1591 1978 dum
1621 1943 1800 1997 aquam
1828 1945 1915 1997 per
1949 1928 2091 1982 bran-

202 1996 337 2068 chias
375 2003 630 2063 emittunt,
686 2019 750 2053 ex
783 1996 1069 2054 circumfusa
1103 2002 1180 2052 ori
1208 2015 1333 2069 aqua
1362 2016 1528 2052 aerem
1557 1998 1712 2053 veluti
1744 2002 1977 2068 exsugere
1998 2021 2088 2056 ore

201 2090 362 2126 vacuo
386 2088 551 2143 putat3
590 2075 735 2127 ineffe
759 2079 894 2128 enim
918 2091 1073 2144 aquae
1097 2091 1288 2134 aerem,
1323 2090 1476 2144 quem
1496 2071 1530 2125 fi
1556 2090 1679 2144 aqua
1704 2074 1906 2128 extradii
1934 2080 2084 2130 nimia

199 2151 344 2217 copia
375 2147 721 2218 inspiraverint,
750 2153 897 2202 mori.
953 2152 1188 2216 Qorum
1209 2149 1502 2215 opinionem
1521 2150 1582 2198 ita
1606 2163 1860 2217 oppugnat
1878 2147 2082 2220 Aristo-

198 2218 340 2286 teleS,
366 2235 418 2273 ut
438 2236 640 2275 moneat
663 2221 864 2275 alteram
885 2222 1213 2289 respirationis
1233 2234 1440 2288 partem,
1468 2237 1592 2292 quae
1614 2223 1934 2291 exspiratione
1960 2243 2081 2277 con-

196 2296 403 2357 tinetur,
438 2298 501 2347 ita
519 2294 662 2365 plane
682 2298 871 2358 omitti,
928 2311 1020 2347 nec
1052 2312 1107 2346 ea
1141 2298 1331 2346 ratione
1358 2293 1492 2363 poffe
1526 2293 1770 2363 explicari.
1881 2299 2078 2353 Deinde

194 2373 406 2438 opponit
426 2369 648 2422 tracheae
668 2366 941 2431 defed'tum,
978 2370 1062 2439 qui
1095 2367 1272 2429 efficit,
1318 2381 1368 2419 ut
1398 2385 1479 2420 aer
1501 2383 1726 2438 receptus
1751 2371 2078 2428 ventriculum

191 2442 390 2509 ingredi
411 2441 634 2503 deberet3
683 2443 822 2513 quod
842 2458 1006 2495 tamen
1027 2441 1132 2494 fieri
1153 2455 1322 2509 negat,
1362 2459 1453 2494 nec
1476 2440 1631 2495 ullum
1663 2446 1765 2511 ejus
1788 2449 1934 2513 partis
1965 2466 2076 2501 mo-

192 2527 303 2568 tum
325 2517 537 2586 conspici
561 2521 611 2568 in
633 2517 941 2586 respiratione
960 2515 1183 2585 piscium.
1259 2516 1425 2567 Postea
1448 2519 1597 2568 utitur
1626 2517 1858 2589 exemplo
1890 2524 2073 2575 anima-

192 2588 341 2652 lium,
379 2608 504 2662 quae
527 2589 767 2660 pulmone
795 2590 1051 2659 respirant,
1095 2601 1143 2640 ct
1178 2591 1229 2638 in
1261 2606 1383 2660 aqua
1411 2589 1733 2653 suffocantur,
1790 2606 1908 2645 tunc
1935 2599 2073 2650 enim

191 2663 411 2732 spiritum
436 2682 553 2716 cum
573 2668 620 2717 vi
642 2662 864 2716 bullatim
886 2666 1046 2724 exire,
1079 2660 1272 2715 velutifi
1288 2666 1396 2733 quis
1421 2663 1682 2718 testudines
1707 2679 1756 2718 et
1774 2684 1911 2721 ranas
1935 2672 2071 2741 aquis

188 2740 241 2789 vi
268 2736 570 2805 submergat,
613 2740 666 2790 in
687 2736 896 2806 piscibus
926 2750 1092 2789 autem
1112 2734 1231 2787 nihil
1257 2734 1349 2788 tale
1369 2737 1616 2800 accidere,
1659 2757 1959 2812 quocunque
1985 2761 2071 2796 ex-

185 2815 387 2880 periaris
417 2812 589 2865 modo.
665 2815 852 2866 Contra
880 2811 1006 2863 hanc
1028 2805 1321 2879 Aristotelis
1338 2813 1580 2863 rationem
1614 2815 1666 2864 in
1693 2828 1915 2867 mentem
1946 2816 2069 2868 mihi

133 2905 166 2916 *⁷
188 2888 326 2938 venit
346 2884 519 2938 cobitis
547 2884 735 2948 foffilis,
770 2904 921 2957 quam
942 2886 1127 2954 saepius
1147 2901 1235 2953 per
1255 2898 1350 2935 tres
1370 2882 1705 2939 hebdomadas
1730 2891 1779 2939 in
1795 2889 2068 2943 coenaculo

188 2976 394 3022 mecum
420 2957 723 3012 habitantem
750 2963 800 3013 in
824 2964 960 3032 aquis
990 2956 1241 3011 observavi
1267 2956 1446 3029 pluries
1477 2957 1651 3012 eadem
1680 2964 1731 3013 in
1759 2961 1881 3014 hora
1911 2961 2067 3017 bullas

184 3036 309 3086 aeris
349 3050 535 3100 magno
567 3051 682 3085 cum
716 3035 916 3104 strepitu
945 3052 1005 3085 ex
1035 3028 1191 3084 fundo
1224 3044 1562 3099 emergentem
1596 3032 1840 3097 erudiare,
1879 3036 2064 3092 subito-

183 3123 279 3180 que
300 3110 353 3161 in
370 3104 582 3161 fundum
600 3105 762 3162 relabi.
838 3106 1004 3161 Simile
1026 3105 1145 3179 quid
1165 3108 1216 3158 in
1232 3109 1373 3231 {quis
1394 3106 1677 3175 stagnorum
1690 3109 1911 3164 accidere
1923 3112 2063 3181 saepe

1282 3196 1311 3233 e
1928 3187 2061 3240 vide-
