2571 3775
1136 349 1248 357 -—---

309 336 422 385 320
498 371 501 373 Α
1133 325 1426 348 „aun—qu·-

312 448 547 506 saltantes.
624 448 756 501 Cum
774 441 988 513 gradum
1008 439 1196 502 sistunt,
1230 442 1381 493 etiam
1401 436 1647 510 prioribus
1667 435 1874 510 pedibus
1898 440 2137 501 nituntur,
2174 455 2255 492 ce-

311 525 573 593 leriterque
591 533 807 572 currunt.
881 516 1090 570 Arvales
1108 516 1240 576 sunt,
1275 517 1329 566 in
1356 512 1608 577 scrobibus
1627 514 1827 582 degunt.

460 602 602 649 Hanc
624 594 974 662 digreffionem
999 588 1207 643 lediores
1240 587 1482 643 benevole
1512 587 1870 642 condonabunt
1889 587 2051 642 fludio
2077 586 2258 640 librum

309 672 514 726 brevem
535 669 615 723 sed
640 667 944 731 utiliffimum
965 669 1013 718 in
1033 667 1261 717 notitiam
1281 662 1546 716 hominum
1566 664 1848 717 nostrorum
1867 662 2166 725 adducendi,
2193 681 2255 714 ex

309 766 415 818 quo
441 743 837 815 supplementum
855 738 1082 792 historiae
1115 735 1341 791 naturalis
1373 738 1720 808 hippopotami
1754 751 1802 789 et
1821 739 2002 791 Caviae
2026 735 2255 808 Capenfis

306 821 452 875 >facile
476 818 775 889 reliquarum
797 817 1176 868 annotationum
1196 811 1490 865 desiderium
1514 815 1697 883 poterit
1720 815 1946 865 excitare.

460 1002 690 1070 Denique
711 994 1074 1049 dubitationem
1091 996 1318 1046 virorum
1339 990 1606 1046 dodlorum
1629 992 1691 1045 de
1714 991 2057 1062 hippopotami
2076 996 2257 1045 ventri-

314 1075 546 1130 culorum
565 1089 778 1125 numero
803 1085 852 1123 et
874 1072 1206 1123 ruminatione
1233 1066 1425 1121 fortaffe
1445 1066 1731 1120 dilucidabit
1751 1066 2023 1119 observatio
2047 1065 2121 1120 Cl.
2144 1064 2258 1120 lolt.

313 1146 542 1206 Hzmteri
574 1152 624 1200 in
656 1145 975 1198 Balaenarum
1006 1160 1187 1211 genere
1216 1140 1365 1205 facia,
1402 1160 1528 1214 quae
1556 1141 1720 1211 plures
1751 1140 2006 1194 ventriculi
2041 1159 2258 1195 cameras

313 1225 375 1278 ad
402 1226 678 1296 quinarium
713 1220 862 1291 usque
884 1235 1151 1271 numerum
1179 1216 1389 1276 habent,
1430 1217 1550 1268 dum
1584 1217 1710 1288 ipsae
1737 1234 1798 1267 ex
1822 1212 2123 1269 confessione
2146 1235 2258 1270 om-

314 1303 454 1353 nium
482 1294 725 1368 pisciculis
747 1309 894 1366 atque
916 1295 1130 1346 omnino
1149 1290 1281 1344 vics'tu
1302 1291 1588 1344 animalium
1609 1290 1790 1343 famem
1811 1292 2143 1358 exstinguunt,
2165 1309 2259 1343 nec

314 1391 533 1443 unquam
555 1368 818 1422 herbarum
836 1385 991 1436 genus
1014 1365 1169 1418 ullum
1189 1369 1434 1434 ingerunt.
1490 1369 1596 1418 Nec
1620 1368 1881 1437 quisquam
1905 1369 2151 1418 ruminare
2175 1383 2256 1435 eas

314 1446 483 1499 cibum
506 1446 764 1516 hucusque
787 1442 907 1496 vidit
926 1456 1008 1494 aut
1030 1445 1297 1493 annotavit.
1373 1443 1737 1493 Ruminationis
1769 1443 1919 1507 igitur
1939 1457 2067 1509 opus
2086 1457 2112 1491 a
2139 1458 2259 1491 ven·
2286 1466 2295 1468 >

314 1519 605 1574 triculorum
622 1536 834 1571 numero
857 1535 959 1570 non
978 1515 1215 1586 pendere,
1251 1533 1343 1567 nec
1364 1513 1583 1584 pluribus
1605 1512 1859 1567 ventriculi
1882 1517 2085 1567 cameris
2105 1516 2260 1566 rumi-

314 1599 573 1650 nationem
596 1591 780 1665 ubique
803 1610 830 1645 a
855 1605 1023 1645 natura
1047 1587 1327 1657 adjundlam
1350 1588 1443 1642 effe
1458 1624 1472 1653 ‚
1509 1588 1651 1660 plane
1670 1588 1786 1641 inde
1809 1601 2017 1659 apparet.

1104 1709 1170 1720 n—

463 1788 543 1839 De
565 1786 728 1854 operis
759 1780 931 1835 mufivi
961 1782 1256 1834 Praenestini
1284 1783 1490 1834 nomine
1523 1777 1720 1832 animali
1745 1777 1887 1830 alicui
1907 1777 2174 1848 subscripto
2195 1783 2258 1831 ita

318 1860 505 1928 judicat
530 1857 603 1913 Cl.
626 1853 897 1911 Boddaert
915 1859 964 1907 in
986 1855 1310 1924 descriptione
1336 1858 1514 1907 Simiae
1538 1852 1915 1922 choeropitheci
1936 1854 2108 1906 inserta
2134 1851 2259 1905 libro

314 1936 602 2004 germanico
615 1951 624 1983 :
638 1928 706 1986 N
702 1926 1058 2001 atmforscher
1070 1933 1129 1980 Pa
1137 1942 1191 1980 rt.
1204 1933 1351 1980 XXII.
1363 1947 1408 1998 p.
1422 1948 1437 1980 ῐ
1458 1947 1502 1989 33
1517 1946 1704 1996 nomen
1716 1927 1871 1997 ipsum
1884 1925 2144 2003 94015207273
2156 1975 2165 1984 ,
2181 1975 2191 1984 ,
2205 1953 2260 1984 ιχ

315 2026 481 2063 errore
503 2004 628 2060 forte
651 2006 844 2065 artificis
868 2003 1009 2074 ipsius
1030 2002 1329 2073 suppositum
1350 2001 1485 2055 fuiss‘e
1501 2000 1721 2064 animali,
1749 2001 1887 2072 quod
1907 2020 2023 2053 cum
2047 2002 2259 2054 choero-

317 2083 515 2155 pitheco
534 2098 561 2135 a
580 2080 893 2149 se‘descripto
916 2076 1038 2130 nihil
1061 2077 1206 2147 plane
1233 2075 1410 2130 habeat
1440 2095 1740 2137 commune3
1787 2075 1966 2128 deinde
1985 2075 2083 2128 fine
2105 2074 2257 2128 dubio

315 2161 541 2212 vitiatum
561 2170 610 2208 et
629 2154 922 2208 mutandum
957 2156 1004 2205 in
1027 2174 1430 2228 χοιροποτειμος
1462 2155 1704 2222 pertinere
1728 2150 1786 2203 ad
1812 2169 1995 2220 porcos
2017 2150 2143 2203 duos
2165 2152 2258 2202 flu-

315 2231 497 2286 viatiles
519 2234 568 2283 in
588 2247 740 2300 opere
765 2227 952 2281 mufivo
970 2227 1144 2296 pictos.
1201 2228 1445 2297 Equidem
1463 2229 1624 2296 operis
1643 2225 1788 2278 huius
1810 2229 2013 2277 nomina
2036 2239 2084 2277 et
2101 2223 2259 2295 pitsiu-

317 2314 391 2360 ras
417 2324 595 2376 parum
628 2323 777 2365 curo,
833 2321 949 2354 cum
978 2301 1127 2369 longe
1159 2300 1389 2354 meliores
1418 2305 1580 2370 operis
1611 2303 1799 2370 antiqui
1831 2300 2017 2366 figurae
2052 2300 2257 2360 exstent,

319 2380 451 2434 unde
473 2377 651 2432 rectius
672 2375 882 2432 formam
904 2375 1245 2446 hippopotami
1276 2389 1501 2427 veterum
1522 2374 1737 2438 judicare
1759 2373 1883 2426 licet.

469 2457 613 2522 Qiae
630 2471 681 2523 p.
705 2470 824 2516 249.
848 2451 1107 2520 suspicatus
1130 2467 1263 2502 eram
1285 2448 1347 2501 de
1367 2447 1528 2501 verbis
1552 2443 1759 2502 Albam·
1778 2452 1826 2500 in
1856 2448 1955 2499 fine
1975 2450 2257 2516 interpreta-

320 2530 469 2582 tionis
501 2527 699 2580 additis:
742 2532 788 2579 et
808 2520 899 2578 lzoc
915 2541 1082 2594 genus
1100 2520 1335 2578 mziwmlis
1359 2521 1530 2595 estfiffi
1550 2518 1675 2576 labli
1698 2519 1947 2593 iuferius:
1983 2520 2103 2573 mihi
2126 2540 2258 2574 nunc

321 2622 425 2656 non
444 2601 652 2671 placent.
728 2602 916 2654 Con-tra
942 2598 1059 2653 loc-o
1081 2599 1183 2669 ipso
1200 2601 1413 2650 curatius
1439 2596 1656 2666 inspecto
1679 2601 1858 2650 iterum
1880 2610 2001 2667 puto
2024 2600 2072 2648 in
2097 2595 2258 2649 verbis

321 2681 508 2745 graecis
526 2674 818 2745 philosophi,
849 2672 980 2727 unde
1000 2674 1122 2727 haec
1144 2671 1360 2740 expressa
1381 2672 1503 2732 sunt,
1538 2669 1673 2724 fuisse
1695 2670 1817 2724 olim
1837 2672 2063 2740 scriptum
2086 2673 2134 2721 in
2158 2671 2259 2722 fine
2291 2661 2299 2667 ⁶

321 2748 410 2827 aaz}
433 2746 493 2810 ⁷3
513 2743 687 2822 στόμα
708 2744 1007 2826 οἰνεῤῥωγός
1026 2752 1054 2800 i.
1076 2767 1116 2801 e.
1148 2766 1204 2801 os
1227 2745 1373 2799 habet
1402 2745 1646 2798 rescissum
1668 2745 1748 2798 seu
1772 2744 1892 2798 rictu
1912 2748 2098 2811 ingenti
2118 2761 2259 2812 aper-

324 2841 446 2879 tum.
525 2828 669 2891 Qiae
702 2823 847 2876 verba
882 2818 1129 2876 Albai-tus
1159 2819 1288 2874 male
1322 2820 1383 2873 ad
1416 2819 1524 2872 labii
1549 2817 1788 2873 inferioris
1812 2818 2024 2871 fiffuram
2046 2817 2260 2889 aliquam

322 2897 512 2953 traxiffe
532 2897 737 2950 videtur.
811 2901 1064 2951 Lacunam
1091 2895 1165 2949 his
1193 2895 1374 2948 insertis
1409 2899 1606 2964 egregie
1633 2892 1913 2964 interpolari
1937 2911 2089 2946 nemo
2118 2890 2259 2946 facile

325 2971 620 3026 infitiabitur.

479 3047 752 3114 Apponam
798 3048 946 3097 etiam
991 3058 1211 3096 veterem
1253 3044 1704 3111 interpretationem
1747 3059 1808 3093 ex
1857 3059 2038 3109 graeco
2083 3035 2260 3091 factam

326 3116 526 3173 aucffore
547 3116 698 3173 Scoto
722 3133 803 3172 aut
832 3114 1047 3181 Thomu,
1077 3135 1224 3191 quam
1246 3115 1430 3188 Lipfiae
1461 3133 1617 3187 nuper
1642 3133 1703 3168 ex
1728 3115 1921 3172 Codice
1952 3112 2262 3169 membrana-

2173 3204 2266 3240 ceo

2010 3285 2029 3311 D
