2571 3775
277 2989 343 3059 fl>

394 337 463 384 60

387 453 705 530 persuasione
726 452 897 517 refert3
952 447 1101 527 quam
1130 452 1253 508 olim
1283 448 1394 506 ante
1424 449 1744 524 Aristotelem
1775 457 1989 507 carmine
2019 446 2167 507 etiam
2199 451 2281 508 cess

390 532 662 586 -Iebraverat
686 525 962 603 Aeschylus
987 543 1157 600 poeta,
1206 530 1345 595 cujus
1369 528 1561 580 ver-sum
1582 528 1738 597 posuit
1756 525 2075 582 Plutarchus
2106 530 2168 582 de
2189 534 2279 584 So-

395 606 531 661 lertia
552 604 742 659 animal.
771 624 816 675 p.
842 623 962 669 979.
982 618 1131 674 atque
1151 622 1212 656 ex
1235 622 1298 657 eo
1318 599 1567 656 Aelianus
1584 607 1666 654 IX.
1680 620 1765 666 42.
1802 603 2066 656 ⁴Alteram
2086 605 2280 657 causam

396 678 606 738 Plinius
636 699 661 732 a
682 675 944 749 Nigidio,
975 674 1267 747 Aristotelis
1287 682 1573 747 interprete,
1603 691 1854 746 acceptam
1875 679 2117 731 inseruiffe
2143 679 2280 750 vide-

395 769 503 816 tur3
568 772 718 826 quam
757 751 948 807 fortasse
987 753 1283 805 confirmare
1331 751 1443 804 licet
1486 755 1761 804 narratione
1797 750 1875 804 illa
1921 771 2072 824 quam
2117 755 2277 822 posuit

399 825 608 886 Plinius
629 831 850 879 XXXVI.
872 844 974 895 cap.
1002 847 1044 885 ς.
1089 823 1277 887 ferunt,
1310 828 1495 896 inquit,
1529 823 1743 878 ininsula
1773 828 1939 896 Cypro
1973 827 2168 880 tumulo
2200 847 2278 881 re-

400 902 505 972 guli
526 905 760 954 Hermiae
780 905 910 968 juxta
930 905 1132 954 cetarias
1154 918 1438 952 marmoreo
1460 898 1592 952 leoni
1626 896 1763 952 fuisse
1792 900 1974 954 inditos
2001 902 2177 955 oculos
2214 921 2278 955 ex

400 976 691 1044 finaragdis,
729 980 793 1028 ita
832 974 1128 1027 radiantibus
1159 978 1306 1027 etiam
1328 978 1378 1026 in
1409 977 1682 1041 gurgitem,
1731 988 1785 1026 ut
1817 979 1966 1028 territi
2001 974 2280 1044 refugerent

401 1052 594 1119 thynni:
630 1050 714 1102 diu
735 1048 1022 1103 mirantibus
1042 1053 1310 1102 novitatem
1331 1046 1663 1118 piscatoribu8‚
1703 1047 1866 1101 donec
1887 1064 2138 1114 mutavere
2158 1070 2280 1103 ocu-

398 1120 460 1179 lis
490 1143 732 1194 gemmas¹
812 1128 939 1177 Utut
967 1122 1019 1176 fit
1047 1124 1108 1175 de
1141 1124 1307 1186 caula,
1354 1140 1461 1174 rem
1493 1123 1641 1192 ipsam
1670 1124 1933 1176 confirmat
1961 1120 2155 1178 Strabo
2185 1129 2282 1177 VII.

403 1219 451 1272 p.
482 1218 597 1263 320.
634 1202 717 1271 qui
737 1197 1106 1251 Chalcedonios
1127 1215 1310 1251 coecos
1340 1195 1490 1263 vulgo
1508 1195 1703 1249 audiisse
1731 1195 1904 1260 refert,
1946 1199 2083 1271 quod
2113 1199 2280 1252 omissa

397 1272 456 1329 ‘in
476 1273 756 1344 oppositum
775 1271 887 1324 litus
909 1275 1240 1340 navigatione,
1263 1270 1347 1323 ubi
1368 1285 1495 1322 tanta
1517 1271 1790 1340 piscationis
1803 1277 2142 1343 opportunitas
2165 1289 2281 1336 erat,

405 1349 646 1401 deteriora
660 1347 764 1400 loca
777 1345 1099 1416 occupassent.
1136 1348 1320 1399 Contra
1333 1341 1472 1398 Plin.
1483 1358 1531 1396 et
1542 1340 1843 1398 Strabonem
1856 1364 2040 1417 pugnat
2052 1367 2168 1400 cum
2180 1348 2282 1402 aliis

360 1422 369 1427 ⁷
411 1421 463 1477 T
458 1420 728 1493 ommgfort
759 1424 989 1473 Itinerarii
1008 1425 1072 1472 T.
1092 1424 1141 1471 II.
1174 1439 1218 1489 p.
1250 1440 1364 1482 134.
1399 1418 1478 1471 sed
1498 1423 1751 1472 veritatem
1770 1419 2002 1475 latentem
2022 1427 2072 1474 in
2099 1422 2186 1475 fitu
2208 1422 2284 1476 lo-

405 1515 584 1550 corum
605 1510 652 1548 et
674 1510 897 1548 veterum
918 1496 1207 1564 scriptorum
1228 1494 1381 1546 fidem
1402 1512 1463 1545 ex
1484 1492 1720 1560 Dionyfio
1738 1500 1970 1562 Byzantio
1999 1511 2048 1549 et
2064 1496 2284 1565 diligenti

405 1570 637 1624 locorum
657 1567 954 1640 inspecffione
973 1569 1169 1622 adstruit
1189 1565 1255 1622 P.
1277 1565 1481 1640 Gyllius
1502 1571 1552 1620 in
1574 1573 1773 1636 egregio
1793 1570 1856 1623 de
1877 1572 2100 1641 Bosporo
2120 1572 2286 1626 Thra-

408 1649 518 1698 cico
542 1643 709 1698 libello
736 1664 781 1715 p.
806 1661 831 1694 2
850 1662 923 1704 ¹7·
944 1658 993 1696 et
1018 1657 1137 1702 218.
1169 1671 1235 1682 --
1349 1641 1551 1714 Reliqua
1579 1640 1787 1698 Aeliam
1813 1644 1921 1699 loca
1950 1651 2068 1698 XIII.
2096 1653 2175 1700 16.
2207 1667 2286 1711 17.

409 1724 515 1773 XV.
547 1737 587 1780 3.
618 1738 660 1777 5·
683 1726 731 1770 6.
768 1717 1069 1784 thynnorum
1094 1731 1344 1787 capturam
1366 1717 1495 1786 apud
1517 1720 1666 1770 varias
1686 1733 1858 1785 gentes
1877 1723 2010 1786 juxta
2035 1740 2170 1773 mare
2200 1721 2288 1774 ha-

409 1792 619 1846 bitantes
638 1792 847 1854 docent,
889 1810 980 1845 nec
1001 1792 1114 1849 inde
1134 1789 1310 1844 referre
1331 1790 1469 1853 licet,
1506 1790 1591 1844 nifi
1612 1791 1748 1863 quod
1772 1797 1876 1845 XV.
1912 1813 1952 1855 3.
1989 1795 2049 1847 ad
2069 1794 2288 1851 Buboni-

409 1886 529 1919 cum
546 1871 723 1933 Lyciae
745 1870 1139 1937 promontarium
1161 1870 1450 1919 innumeros
1476 1865 1776 1932 thynnorum
1807 1886 1981 1937 greges
2001 1874 2163 1937 vagari
2196 1886 2291 1932 tra-

410 1940 506 2000 dit3
554 1960 772 2012 quorum
797 1945 999 1993 maximi
1020 1940 1227 2003 solitarii,
1266 1939 1344 1992 alii
1366 1943 1629 2008 conjugati„
1654 1939 1887 2010 luporum
1912 1962 2069 2006 more,
2107 1943 2182 1996 alii
2205 1944 2291 1998 de·-

407 2018 564 2086 nique
591 2032 772 2082 magno
794 2033 944 2083 grege
964 2029 1145 2067 meent.
1228 2018 1337 2067 Hos
1363 2033 1567 2076 omneS,
1602 2033 1715 2066 cum
1743 2034 1879 2069 mare
1898 2016 1989 2070 firii
2021 2032 2132 2070 ortu
2156 2022 2291 2072 inca-

408 2087 566 2150 lescit,
591 2092 640 2141 in
660 2094 874 2141 Pontum
895 2091 1102 2156 migrare
1122 2092 1245 2150 inter
1265 2090 1312 2140 se
1333 2087 1478 2140 veluti
1504 2103 1767 2142 contextos
1788 2105 1836 2143 et
1855 2090 2122 2155 confertos,
2143 2109 2292 2165 atque

411 2161 503 2215 hac
542 2180 814 2231 corporum
851 2161 1199 2227 conjunffione
1231 2161 1434 2214 umbrae
1472 2162 1684 2234 aliquem
1715 2162 1929 2221 fruc'lum
1961 2166 2042 2218 fibi
2075 2171 2289 2221 invicem

410 2238 661 2308 praestare.
735 2236 1031 2289 Miraculum
1069 2241 1202 2288 auxit
1232 2231 1548 2289 Plutarchus
1577 2237 1637 2288 de
1671 2237 1899 2291 Solertia.
1946 2239 2029 2293 ubi
2062 2240 2289 2295 cubicam

410 2312 624 2378 figuram
650 2314 699 2362 in
733 2314 1023 2377 migratione
1044 2328 1318 2378 corporum
1348 2312 1699 2379 constipatione
1732 2312 1929 2366 efficere
1959 2319 2023 2367 ait
2059 2315 2290 2383 thynum,

411 2388 476 2437 ita
504 2399 557 2436 ut
584 2402 648 2436 ex
667 2384 764 2435 visu
785 2381 1104 2451 gregis‘facile
1125 2383 1448 2453 speculatores
1472 2384 1765 2451 piscatorum
1798 2405 2065 2442 numerum
2086 2394 2206 2444 inire
2227 2410 2291 2444 ex

410 2457 594 2525 regulis
619 2457 1080 2510 mathematicorum
1103 2457 1301 2525 valeant.
1404 2457 1540 2510 Idem
1561 2456 1808 2513 Aelianus
1838 2467 1952 2521 XV.
1979 2483 2052 2516 10.
2089 2465 2292 2536 pelami-

415 2531 538 2584 dum
570 2531 717 2584 docet
749 2533 1091 2602 piscationem,
1150 2550 1275 2603 quae
1305 2533 1360 2584 fit
1393 2531 1570 2594 hamo,
1610 2551 1702 2601 pro
1739 2535 1842 2588 esca
1882 2555 2097 2606 purpura
2130 2541 2293 2593 indita.

413 2610 643 2677 Denique
664 2609 695 2657 1.
717 2624 801 2668 40.
837 2610 1005 2674 orcyni
1034 2611 1214 2659 cetacei
1239 2605 1481 2659 solertiam
1514 2622 1700 2670 narrat,
1753 2613 1835 2679 qui
1866 2611 2105 2666 devorato
2136 2614 2290 2669 hamo

414 2683 467 2733 in
491 2677 699 2732 fundum
721 2695 964 2750 properat,
984 2678 1151 2751 ibique
1171 2679 1302 2733 alliso
1323 2685 1477 2750 capite
1498 2680 1673 2734 vulnus
1694 2681 1838 2745 laxat,
1876 2685 2182 2758 hamumque
2203 2707 2291 2742 ex-

413 2754 553 2823 spuit.
631 2754 725 2806 Sed
755 2754 877 2807 haec
896 2758 1095 2824 repetita
1115 2756 1219 2806 lunt
1241 2772 1302 2807 ex
1323 2752 1568 2826 Oppiam
1589 2759 1659 2807 III.
1696 2775 1716 2806 1
1733 2774 1794 2811 22
1816 2758 1944 2831 seqq.
2012 2761 2291 2828 Thynnum

414 2841 463 2880 et
483 2828 772 2894 thynnidem
792 2846 886 2881 una
906 2843 961 2882 ut
978 2832 1110 2882 amni
1129 2843 1180 2882 et
1203 2832 1330 2882 mari
1351 2847 1646 2883 communes
1665 2830 1816 2898 pisces
1838 2837 2062 2888 nominat
2081 2834 2290 2892 Plinius

408 2905 618 2954 XXXII.
651 2920 669 2954 r
692 2922 728 2954 1.

565 2970 852 3050 Πηλωμῦς,
893 2971 1397 3051 Pelamys,=aff7720*9‚
1439 2976 1613 3032 lutum.
1688 2984 1819 3033 Hinc
1839 2978 2047 3037 Plinius
2066 2983 2288 3037 limosam

415 3048 700 3117 appellavit,
737 3049 893 3104 Gaza
912 3049 1168 3113 limariam‚
1206 3066 1342 3104 vetus
1365 3050 1518 3107 versio
1541 3051 1869 3108 Palamidem.
1945 3063 2137 3110 Dicitur
2158 3063 2293 3111 enim

416 3118 673 3198 πηλαμῦς
702 3139 748 3177 et
768 3122 1032 3199 πηλαμῖς,
1065 3140 1114 3180 et
1138 3142 1237 3181 tam
1257 3129 1307 3181 in
1327 3126 1506 3197 scriptis
1534 3146 1684 3202 quam
1705 3129 1891 3186 excufis
1924 3130 2058 3186 libris
2088 3136 2295 3186 variatur

2085 3224 2292 3270 nomen,
