2571 3775
372 315 439 366 50
1163 305 1454 346 -··.······?

432 467 455 489 ,.
521 416 743 478 Thomas
780 414 1125 474 Bartlzolinus
1168 421 1217 479 in
1257 421 1504 472 anatomia
1545 416 1691 487 gladii
1738 421 1964 489 inportu
2001 416 2252 476 Hafnienfi

368 501 494 570 capti
517 499 718 551 Centur.
741 496 1095 555 Anatomic.11.
1127 499 1210 544 16.
1242 488 1365 545 fellis
1389 492 1596 545 vesicam
1614 498 1677 546 ait
1709 492 1863 560 longo
1903 493 2069 547 canale
2097 494 2247 565 hepar

369 573 846 641 intestinisjungere.
917 571 1133 622 Corium.
1151 565 1272 619 vidit
1296 565 1432 620 laeve
1461 567 1597 619 serici
1624 569 1767 619 instar
1794 581 1843 619 et
1872 566 2062 630 molle5
2096 567 2251 622 notia

368 646 623 719 splendens
639 681 653 703 ‚
689 642 966 713 praesertim
988 639 1072 693 ubi
1095 639 1401 708 candicantes
1424 639 1642 693 maculae
1669 641 2033 711 adsperguntur.
2102 640 2248 711 Rom

373 715 580 776 deletius
620 731 790 770 contra
825 719 1019 768 corium
1059 715 1220 767 versus
1257 714 1462 783 caudam
1501 712 1643 776 ducta
1678 733 1833 767 manu
1863 714 1998 773 laeve
2034 716 2128 769 effe
2168 721 2252 780 ait,

375 796 596 865 asperum
623 786 928 855 vero-'versus
959 801 1115 857 caput.
1207 786 1553 850 *Doffiffimusi
1577 791 1723 841 etiam
1750 788 1921 843 Gallus
1951 786 2046 843 Du
2070 788 2257 849 Hame!

377 872 431 922 T
435 864 553 920 raite
581 864 671 917 des
690 861 873 914 Peches
911 865 1084 914 Tome
1109 865 1179 911 ΙΠ.
1209 879 1253 929 p.
1282 867 1397 924 333.
1472 858 1686 916 Dorsum
1719 864 1945 933 asperum
1972 862 2252 917 retrodudta

377 958 527 998 manu
557 938 650 990 effe
681 935 902 988 affirmat.
976 931 1321 990 Bartholz‘nus
1356 939 1406 988 in
1435 936 1594 1006 palato
1630 934 1863 990 inferiore
1887 937 2056 990 medio
2084 937 2256 1005 gulam

379 1014 541 1070 versus
559 1009 815 1079 fingulares
840 1008 1009 1060 dentes
1032 1005 1347 1077 membranae
1368 1007 1544 1064 affixos
1567 1015 1767 1081 reperit,
1803 1014 2031 1082 utrinque
2054 1025 2149 1065 tres
2173 1030 2256 1064 or-

382 1090 534 1142 dines.
606 1089 661 1137 In
680 1083 851 1150 ordine
871 1085 1035 1150 primo
1059 1084 1189 1133 circa
1207 1082 1427 1135 medium
1450 1083 1596 1154 palati
1612 1085 1722 1137 sunt
1737 1085 1868 1148 duo,
1911 1088 2070 1149 major
2093 1099 2140 1137 et
2163 1089 2256 1139 mi-

381 1163 503 1224 nor,
554 1172 759 1229 uterque
786 1154 1039 1223 oblongus
1065 1169 1111 1207 et
1131 1155 1308 1217 durus,
1350 1157 1465 1229 sinzo
1492 1158 1719 1211 aemulus
1743 1173 1790 1210 et
1819 1159 1978 1227 asper,
2021 1158 2258 1212 nucleum

382 1234 560 1302 ‘dactyli
579 1230 817 1292 referens,
854 1225 1284 1294 invicem-junctus·
1308 1243 1362 1281 er
1377 1230 1536 1299 palato
1565 1249 1651 1300 per
1686 1230 2040 1284 membranam.
2116 1233 2260 1286 Alter

387 1310 516 1365 ordo
538 1307 652 1366 huic
680 1323 770 1376 per
798 1303 1007 1356 eandem
1036 1300 1377 1354 membranam
1401 1307 1664 1357 continuus
1699 1304 1760 1356 ad
1803 1307 1915 1358 offis
1953 1305 2263 1360 substantiam

388 1386 544 1450 magis
572 1379 761 1432 accedit
783 1392 836 1429 ut
856 1392 902 1429 et
930 1380 1097 1429 tertius
1113 1420 1131 1439 ,,
1165 1379 1291 1427 circa
1325 1388 1543 1429 extrema
1577 1396 1696 1433 vero
1729 1379 2117 1448 cartilaginossxs·‚
2153 1399 2266 1434 me-

388 1458 523 1510 diam
548 1453 730 1507 stellam
751 1452 893 1504 radiis
912 1451 1009 1502 suis·
1026 1453 1323 1523 exprimens.
1408 1451 1671 1520 Branchias
1705 1457 1939 1526 utrinque
1971 1453 2177 1508 octonas
2212 1470 2262 1509 et

392 1529 613 1601 duplices
631 1531 812 1597 reperit·
835 1540 887 1577 ut
919 1519 1251 1579 Romieletius
1278 1537 1330 1576 et
1349 1521 1639 1579 Salvianus.
1715 1527 2026 1582 Ventriculus
2057 1527 2266 1592 bifidus,

393 1608 535 1671 cujus
565 1602 708 1655 altera
737 1618 847 1671 pars
877 1598 1047 1660 cratia,
1086 1602 1286 1651 interius
1312 1600 1516 1665 rugosa,
1550 1600 1653 1668 alga
1679 1602 1819 1655 viridi
1844 1600 2016 1656 referta
2038 1617 2085 1655 et
2110 1603 2267 1657 altero-

392 1682 501 1733 fine*
519 1694 669 1731 coeca
691 1690 739 1728 et
759 1677 1031 1727 acuminata
1063 1686 1181 1724 erat⁷
1252 1674 1428 1726 Testes
1456 1679 1682 1746 utrinque
1707 1675 1944 1744 oblongi,
1973 1678 2269 1739 craffiffimi,

394 1756 548 1830 pugni
586 1748 915 1818 magnitudine
939 1747 1168 1807 aderant5
1221 1743 1494 1800 foemina-m
1515 1761 1679 1800 tam-en
1700 1747 1832 1803 fuiffe
1863 1765 2000 1803 antea
2028 1753 2268 1821 posuerat.

394 1826 591 1881 Deinde
647 1822 807 1877 foetus
845 1822 977 1874 duos
1024 1839 1176 1890 nuper
1219 1817 1462 1874 formatos
1494 1825 1542 1873 in
1581 1821 1721 1875 redl‘o
1768 1826 1997 1878 intestino
2049 1841 2268 1897 repertos

396 1912 786 1958 commemorat3
816 1914 907 1967 nec
932 1895 1081 1948 alium
1104 1900 1299 1948 uterum
1319 1899 1506 1966 reperit.
1586 1899 1766 1966 Capitis
1795 1901 1844 1950 in
1868 1896 2084 1953 foetibus·
2101 1894 2270 1954 rudior

397 1973 583 2035 forma,
611 1972 747 2026 oculi
765 1974 954 2038 magni,
994 1984 1042 2022 et
1066 1968 1211 2037 gladii
1236 1969 1479 2041 quaedam
1499 1972 1697 2038 vestigia·
1729 1971 2045 2040 cartilaginea.

472 2072 475 2075 ¹
545 2048 764 2117 Apparet
782 2045 915 2096 hunc
937 2043 1156 2112 gladium
1176 2047 1452 2113 viviparum
1470 2043 1593 2105 effe5
1643 2059 1690 2097 et
1721 2044 1869 2098 talem
1892 2046 2057 2100 vidiffe
2084 2048 2276 2102 videtur

398 2125 546 2176 etiam
585 2115 844 2173 Abbertus.
916 2129 919 2131 ’
2265 2156 2268 2157 ⁷

406 2249 412 2263 -.
550 2190 914 2258 Sclzelfisztmmer
980 2193 1055 2257 (in
1105 2186 1376 2244 Valentini
1412 2189 1670 2259 Amphith.
1701 2196 1935 2246 Zootom.
1966 2197 2017 2246 Π.
2047 2187 2092 2264 p.
2133 2195 2277 2262 ¹03·)

404 2272 455 2322 in
479 2268 563 2321 suo
585 2267 710 2337 pisce
736 2269 983 2317 annotavit
1002 2263 1119 2316 loco
1140 2263 1362 2315 dentium
1380 2263 1533 2315 adeffe
1550 2268 1780 2335 utrinque
1815 2266 2114 2335 cartilagines
2135 2273 2276 2340 quin-

408 2348 506 2414 que
526 2340 602 2393 vel
622 2341 729 2399 sex3
767 2335 1092 2407 asperitatibus
1119 2335 1446 2389 eminentibus
1470 2336 1721 2390 instrueias
1751 2354 1798 2391 et
1828 2359 1971 2394 carne
1996 2341 2145 2395 veluti
2170 2347 2277 2411 gin-

408 2418 536 2483 givis
553 2415 765 2473 vestitas,
805 2412 944 2463 instar
973 2407 1305 2462 funiculorum
1327 2410 1481 2462 tensas
1509 2414 1592 2475 (an
1616 2412 2112 2483 ordinesintelligitP)
2147 2417 2279 2470 etad

410 2489 626 2541 radicem
664 2485 857 2553 linguae
897 2487 1188 2536 terminatas.
1273 2483 1537 2536 Branchias
1570 2489 1794 2558 utrinque
1835 2503 2090 2560 quaternas
2122 2496 2279 2560 ponit,

412 2565 619 2633 ‘quarum
641 2575 959 2630 unaquaeque
982 2555 1280 2628 quadruplici
1300 2555 1586 2610 tubulorum
1599 2560 1771 2612 ordine
1789 2562 2042 2628 gaudebat.
2075 2567 2280 2631 (Errore

414 2636 507 2690 hae
531 2638 652 2705 poni
669 2633 894 2686 videntur
917 2648 1010 2701 pro
1037 2629 1233 2683 odionis
1261 2634 1487 2703 utrinque
1518 2631 1832 2702 duplicibus).
1916 2639 2060 2698 Juxta
2089 2638 2278 2693 radices

415 2708 637 2776 linguae,
688 2709 801 2777 post*
845 2722 1051 2775 corpora
1094 2703 1398 2771 cartilaginea
1441 2705 1501 2757 ad
1545 2707 1848 2759 retinendam
1884 2711 2115 2779 praedam
2152 2711 2280 2775 data,

379 2808 389 2813 “
417 2782 528 2851 gula
547 2779 741 2852 patebat
761 2810 825 2819 —
864 2783 944 2831 cui
977 2776 1296 2830 imminebant
1328 2777 1439 2830 bina
1463 2797 1672 2849 corpora
1700 2780 1835 2848 digiti
1862 2785 2197 2851 magnitudine
2234 2802 2283 2840 et

416 2858 597 2924 figura,
638 2855 916 2907 eminentiis
934 2857 1092 2922 parvis
1107 2853 1292 2922 aspera,
1343 2870 1469 2923 quae
1492 2855 1591 2919 jam
1614 2853 1865 2922 deglutitis
1885 2872 1933 2910 et
1954 2876 1981 2910 e
2008 2861 2281 2918 ventriculo

416 2929 607 2997 ‘regredi
627 2926 919 2981 tentantibus
939 2925 1225 2978 animalibus
1249 2924 1638 2994 opponebantur.
1717 2931 1805 2980 His
1825 2947 1852 2980 e
1873 2930 2018 2984 latere
2037 2933 2284 2987 adstabant

417 3016 468 3054 et
492 3021 552 3054 ex
574 3020 664 3055 ore
687 3001 961 3072 pendebant
992 2999 1079 3052 alia
1112 2998 1276 3052 fimilia
1311 2999 1512 3069 quidem
1539 3000 1620 3052 sed
1651 3005 1868 3065 minora,
1925 3006 2145 3070 ejusdem
2176 3007 2285 3059 sub-

417 3077 611 3130 stantiae
632 3090 680 3128 et
700 3075 925 3129 utilitatis.
994 3077 1053 3127 In
1072 3072 1344 3127 ventriculo
1355 3073 1651 3145 pisculorum
1663 3074 1887 3149 reliquias
1900 3078 2051 3134 osseas
2070 3082 2286 3148 integras

2083 3171 2170 3224 rep
2178 3158 2267 3207 erit
2281 3174 2296 3217 3
