2571 3775
427 347 492 395 82
1218 345 1511 367 “““““““““““”

423 460 682 528 Phagetica
701 476 748 529 p.
780 478 797 511 r
815 477 893 526 53.
938 473 986 513 et
1022 461 1072 512 in
1101 461 1370 513 Poetarum
1395 459 1661 513 latinorum
1692 462 1946 516 minorum
1977 457 2248 514 Volumine'
2270 463 2301 514 I.

422 553 469 605 p.
507 546 616 595 178.
652 539 844 604 repetiit
885 552 1038 604 nuper
1072 532 1148 587 lo,
1170 530 1289 586 Chr.
1315 530 1666 602 [Verma‘ossfi
1704 535 1843 589 locus
1875 537 2025 588 exstat
2056 535 2301 605 copiofior

425 609 485 661 de
507 608 701 670 anthia,
733 608 813 659 sed
835 612 955 661 vitio
977 606 1150 659 librarii
1175 606 1471 661 obscuratus.
1529 610 1667 662 versu
1690 627 1772 675 92.
1813 610 2047 663 Antheris
2073 612 2139 662 est
2159 625 2301 677 tergo

423 683 617 754 prorsus
638 685 846 735 florente
868 682 1106 743 decorus;
1159 681 1306 749 (haec
1330 681 1545 735 anthiam
1564 683 1895 751 etymologice
1921 688 2066 737 etiam
2089 683 2300 751 signant)

426 757 570 823 hujus
590 761 640 808 in
659 757 890 808 immensa
913 755 1086 808 refidet
1110 754 1227 825 lapis
1254 755 1446 811 abditus
1473 755 1584 810 alvo
1606 755 1890 818 coeruleus,
1933 758 2186 829 stellasque
2213 776 2300 826 ge-

425 834 514 892 rit,
539 829 670 882 velut
692 847 834 882 aurea
856 828 985 883 coeli
1002 828 1124 883 teela
1139 833 1397 882 micant—
1419 829 1598 883 huncfi
1612 834 1883 900 Cecropiae
1893 832 2124 884 suffusum
2148 832 2298 885 caede

426 904 638 958 volucris
659 907 768 974 quis
790 918 951 971 gerat,
992 904 1075 956 hic
1099 907 1283 973 poterit
1302 904 1497 957 medios
1526 908 1732 974 impunc
1758 908 1921 972 vagari
1942 925 2030 975 per
2058 906 2299 975 populos;

424 978 738 1035 incedentem
760 997 863 1032 non
884 977 977 1031 ulla
998 977 1238 1032 videbunt
1256 977 1465 1040 lumina,
1501 982 1708 1046 nigranti
1735 978 1884 1031 veluti
1905 998 1980 1031 res
2000 997 2109 1031 aere
2132 980 2300 1048 septas.

424 1053 520 1105 Sed
540 1052 692 1105 redeo
726 1052 787 1104 ad
810 1049 1065 1113 Plinium,
1108 1054 1244 1114 cuius
1278 1054 1346 1104 est
1372 1051 1646 1121 praeclarus
1675 1052 1813 1105 locus
1836 1058 1915 1105 IX.
1940 1072 2044 1122 cap.
2074 1073 2153 1117 59.
2189 1071 2301 1115 nee,

425 1130 609 1197 inquit,
648 1126 709 1178 de
728 1125 887 1178 anthia
910 1127 1038 1196 pisce
1063 1125 1183 1179 fileri
1207 1129 1456 1190 convenit,
1491 1144 1614 1197 quae
1640 1126 1902 1198 plerosque
1925 1127 2300 1180 adverto-credi-

428 1200 558 1257 disse.
654 1198 972 1254 Chelidonias
1006 1200 1179 1253 insulas
1209 1200 1427 1253 diximus
1455 1199 1624 1264 Asiae,
1682 1200 1922 1271 scopulofi
1964 1205 2139 1263 mariS,
2188 1215 2300 1252 ante

427 1278 830 1345 promontorium
855 1274 982 1328 fitas:
1031 1275 1099 1326 ibi
1127 1272 1353 1345 frequens
1378 1274 1462 1327 hic
1488 1276 1627 1344 piscis
1661 1290 1709 1328 et
1730 1275 1950 1328 celeriter
1980 1280 2164 1345 capitur
2194 1293 2298 1328 uno

428 1366 622 1416 genere.
699 1354 853 1401 Parvo
881 1352 1075 1416 navigio
1109 1363 1157 1400 et
1189 1347 1447 1402 concolori
1480 1350 1608 1401 veste
1639 1350 1916 1420 eademque
1948 1350 2067 1402 hora
2099 1367 2187 1419 per
2215 1348 2299 1401 ali-

428 1436 551 1494 quot
572 1422 676 1474 dies
698 1427 963 1476 continuos
987 1423 1194 1492 piscator
1225 1426 1447 1490 enavigat
1479 1437 1614 1476 certo
1635 1423 1786 1493 spatio
1815 1425 2070 1495 escamque
2090 1425 2300 1492 projicit.

349 1545 353 1547 ,
428 1496 691 1568 Qudquid
710 1515 771 1548 ex
796 1514 858 1549 eo
880 1500 1104 1558 mittitur,
1126 1495 1334 1566 luspedla
1358 1495 1486 1549 fraus
1505 1498 1712 1567 praedae
1732 1499 1825 1558 est3
1866 1515 2142 1568 cavensque
2163 1497 2300 1568 quod

426 1573 620 1632 timuit,
660 1589 776 1622 cum
798 1571 848 1621 id
869 1572 1007 1641 saepe
1033 1569 1221 1623 facstmn
1245 1572 1328 1632 est,
1368 1570 1781 1642 unusaliquanclo
1805 1572 2155 1625 consuetudine
2175 1574 2311 1624 invi«

428 1658 554 1698 tatus
574 1644 763 1697 anthias
787 1646 943 1698 escam
977 1649 1167 1715 appetit.
1279 1648 1489 1698 Notatur
1531 1645 1611 1697 hic
1655 1649 1927 1698 intentione
1961 1645 2205 1713 diligenti,
2250 1658 2303 1697 ut

362 1750 364 1753 >
430 1717 601 1772 anaor
621 1720 714 1788 spei
741 1718 1131 1790 conciliatorque
1153 1733 1394 1788 capturae.
1471 1723 1646 1790 Neque
1676 1724 1809 1771 enim
1833 1722 1899 1772 est
1920 1719 2144 1781 difficile,
2184 1737 2302 1771 cum

430 1811 515 1864 per
541 1793 726 1864 aliquot
746 1793 847 1846 dies
868 1792 995 1846 solus
1015 1793 1251 1846 accedere
1272 1793 1459 1845 audeat.
1536 1793 1769 1845 Tandem
1804 1808 1852 1847 et
1883 1793 2070 1864 aliquos
2101 1797 2302 1855 invenit,

430 1866 760 1938 paulatimque
779 1871 1083 1928 comitatior,
1136 1868 1387 1936 postremo
1416 1884 1589 1934 greges
1623 1866 1818 1919 adducit
1854 1871 2169 1928 innumerOS,
2205 1870 2310 1932 jam.

430 1942 756 1994 vetustissimis
770 1940 1046 2013 quibusque
1062 1940 1247 1993 affuetis
1276 1941 1561 2009 piscatorem
1582 1942 1841 2008 agnoscere
1864 1955 2111 1993 etemanu
2133 1940 2302 1992 cibum

430 2032 613 2084 rapere.
691 2018 833 2066 Tum
853 2014 928 2067 ille
941 2015 1149 2084 ¹paulum
1176 2014 1295 2067 ultra
1318 2014 1497 2081 digitos
1518 2019 1566 2066 in
1590 2016 1691 2067 esca
1715 2014 1945 2080 jaculatus
1974 2015 2177 2067 hamum
2211 2013 2311 2068 fin-.

432 2088 574 2157 gulos
599 2087 782 2142 involat
808 2093 970 2141 verius
994 2107 1141 2160 quam
1160 2092 1306 2158 capit,
1329 2088 1388 2140 ab
1414 2087 1584 2140 umbra
1606 2092 1738 2141 navis
1760 2087 1892 2142 brevi
1914 2104 2090 2143 conatu
2112 2093 2310 2159 rapiens¹

432 2167 493 2215 ita
519 2182 580 2214 ne
605 2166 774 2214 caeteri
798 2164 1023 2224 sentiant,
1061 2163 1159 2215 alio
1191 2167 1319 2214 intus
1351 2166 1626 2231 excipiente
1655 2162 1949 2216 centonibus
1979 2178 2197 2233 raptum,
2236 2177 2302 2217 ne·

432 2236 679 2308 palpitatio
703 2236 797 2288 ulla
818 2251 899 2288 aut
925 2238 1072 2289 sonus
1092 2250 1309 2289 caeteros
1334 2235 1506 2303 abigat.
1562 2236 1947 2290 Conciliatorem
1970 2237 2103 2290 noffe
2124 2237 2181 2288 ad
2203 2236 2302 2290 hoc

435 2311 658 2381 prodest,
691 2315 1005 2379 ne-capiatur,
1028 2308 1242 2377 fugituro
1267 2313 1313 2360 in
1340 2310 1580 2379 reliquum
1606 2327 1768 2377 grege.
1791 2338 1855 2349 -—-
1922 2310 2073 2363 Iidem
2092 2310 2301 2373 anthiae,

434 2402 553 2436 cum
580 2402 734 2435 unum
756 2383 907 2437 hamo
931 2387 1086 2435 teneri
1108 2383 1333 2444 viderint,
1364 2384 1504 2453 spinis
1529 2401 1648 2454 quas
1667 2387 1713 2434 in
1730 2383 1875 2436 dorso
1896 2384 2090 2437 serratas
2102 2384 2300 2448 habent,

435 2457 614 2510 lineam
648 2457 806 2510 secare
834 2457 1109 2519 traduntur,
1168 2459 1229 2510 eo
1274 2460 1354 2527 qui
1393 2471 1583 2509 tenetur
1624 2458 1945 2521 extendente,
2000 2473 2056 2511 ut
2085 2459 2299 2529 praecidi

435 2533 593 2602 poffit.
705 2531 891 2584 Eadem
929 2546 1086 2583 narrat
1123 2527 1439 2583 Plutarchus
1469 2531 1531 2582 de
1564 2530 1749 2584 solertia
1788 2551 1832 2601 p.
1855 2551 1975 2596 977-
2090 2533 2300 2586 Anthias

435 2602 712 2676 Oppianus
746 2609 777 2656 Ι.
815 2618 917 2667 248
952 2606 1078 2677 seqq.
1135 2608 1352 2656 maxime
1402 2605 1603 2675 quidem
1646 2619 1803 2675 petras
1842 2604 2110 2675 profundas
2150 2612 2297 2660 maris

436 2696 597 2731 amare
620 2683 709 2741 ait,
749 2679 829 2731 sed
855 2682 903 2730 in
924 2683 979 2731 iis
1002 2698 1102 2732 non
1126 2679 1313 2747 semper
1337 2676 1616 2740 confistere,
1661 2697 1753 2731 nec
1790 2683 1840 2731 in
1877 2699 1980 2733 uno
2014 2679 2129 2733 loco
2155 2700 2312 2734 comm

435 2756 643 2814 morari,
680 2753 758 2805 sed
790 2771 876 2822 per
906 2767 1068 2806 totum
1092 2756 1251 2819 vagari
1287 2769 1447 2813 mare,
1499 2770 1799 2824 quocunque
1831 2768 1999 2806 venter
2029 2754 2297 2808 insatiabilis

434 2826 691 2896 impulerit.
767 2827 1013 2879 Edacitate
1029 2831 1161 2879 enim
1186 2825 1448 2887 excellere,
1485 2845 1572 2879 ore
1594 2825 1704 2878 licet
1717 2826 1950 2880 edentulo
1973 2829 2132 2892 (versu
2149 2847 2210 2891 25
2227 2831 2317 2895 3.)

435 2905 662 2968 Qlatuor
680 2901 774 2954 effe
797 2901 1070 2954 anthiarum
1093 2917 1269 2968 genera
1291 2901 1601 2969 praegrandia
1623 2899 1698 2953 vel
1720 2914 1939 2963 cetacea‚
1976 2900 2163 2964 fulvos,
2185 2921 2300 2954 can-

436 2974 577 3027 didos
594 3013 607 3036 ‚
664 2979 831 3028 tertios
880 2979 1194 3042 nigricantes‚
1245 2969 1546 3043 (κελαινὲς)
1592 2988 1819 3045 quartum
1868 2993 2024 3042 genus
2071 2975 2296 3046 appellari

435 3064 653 3116 euopum
685 3048 970 3118 (pulchrum
994 3048 1175 3114 oculis)
1209 3061 1256 3099 et
1276 3046 1555 3116 aulopum,
1594 3051 1832 3118 quoniam
1862 3048 1953 3103 illis
1974 3054 2022 3102 in
2047 3054 2201 3119 capite
2222 3051 2297 3101 su-

431 3120 687 3190 percilium
720 3127 862 3191 nigro
892 3122 1081 3178 circulo
1117 3124 1182 3179 est
1203 3135 1509 3176 coronatum.
1609 3122 1913 3180 *Posteriores
1946 3124 2105 3177 versus
2136 3126 2298 3190 graeci

2077 3195 2298 3251 difficiles
