2571 3775
186 2238 280 2280 Pisc.
299 2251 364 2295 29.

187 2295 268 2338 No.
302 2308 338 2339 2.

195 2508 274 2552 No.
304 2523 345 2565 3.

378 310 446 359 28
1161 304 1452 329 ·““““““““““““·

378 444 475 489 qms
493 428 570 478 IV.
601 423 742 478 versu
764 440 871 492 404
897 437 946 478 et
963 424 1097 496 seqq.
1133 422 1374 493 hippuros
1396 420 1436 476 -fi
1466 421 1587 495 quid
1606 424 1656 474 in
1688 425 1811 475 mari
1841 434 2004 482 natare
2035 421 2298 498 videtum,

382 518 559 556 omnes
579 500 736 552 statim
757 496 1038 570 frequentes
1060 502 1311 561 comitari,
1335 501 1552 550 maxime
1575 494 1608 550 fi
1627 501 1761 550 navis
1781 495 2039 565 naufragae
2060 496 2261 563 disjecta

382 575 613 629 oberrant
632 572 916 642 fragmenta.
992 574 1261 641 Capturam
1304 590 1483 625 eorum
1519 569 1582 624 fic
1612 573 1790 623 institui
1819 575 1896 623 ait.
1989 570 2261 625 Confertos

386 648 680 702 arundinum
699 646 847 700 fasces
869 646 1028 716 lapide
1048 644 1248 700 inferius
1266 645 1488 715 alligato,
1526 662 1631 716 quo
1654 642 2013 714 deprimantur,
2049 649 2099 697 in
2123 661 2262 697 mare

388 723 620 789 dejiciunt
642 722 931 791 piscatore83
973 725 1098 773 circa
1117 719 1219 774 hos'
1231 719 1361 774 illico
1383 721 1577 790 hippuri
1590 717 1790 777 umbrae
1810 734 2027 773 amantes
2050 737 2262 787 congre-

389 811 563 866 gantur
584 810 632 848 et
652 795 791 847 dorla
812 793 1131 848 arundinibus
1159 796 1376 847 affricare
1409 794 1677 862 gaudentes
1706 808 1927 854 manent3
1969 808 2076 845 tum
2109 794 2264 863 pisca-

389 887 522 924 tores
546 869 728 922 multos
751 868 908 922 hamis
928 873 1149 938 capiunt3
1187 886 1302 938 prae
1323 872 1471 921 nimia
1493 872 1626 920 enim
1639 867 1862 920 aviditate
1883 881 1983 920 tam
1995 882 2262 937 properant

391 944 452 997 ad
470 945 626 996 escam
647 943 777 995 hami
798 943 1136 1013 accipiendam
1155 979 1171 1005 ,
1210 957 1263 995 ut
1291 943 1495 1012 piscator
1524 946 1606 994 vix
1626 940 1778 995 hamo
1806 955 1855 994 et
1876 942 2187 995 immittendo
2215 954 2265 994 et

391 1017 695 1071 extrahendo
726 1018 941 1087 sufficiat.
1015 1017 1154 1070 Idem
1184 1016 1397 1089 denique
1420 1021 1489 1068 111.
1530 1022 1643 1074 186.
1695 1016 1854 1068 escam
1883 1020 1934 1069 in
1962 1015 2115 1068 hamo
2147 1016 2265 1066 dare

390 1091 529 1160 jubet
560 1091 772 1160 hippuro
803 1090 973 1152 iulim3.
1017 1106 1184 1145 contra
1216 1090 1432 1158 gladium
1464 1089 1677 1159 hippuro
1716 1090 1939 1143 inescare.
2052 1086 2267 1142 Dorion

393 1180 444 1219 et
475 1162 795 1236 Emmaus,
850 1165 1058 1228 medici,
1102 1165 1231 1234 apud
1276 1161 1590 1219 Athenaeum
1628 1164 1811 1233 piscem
1859 1163 2075 1217 eundem
2114 1167 2264 1215 etiam

391 1235 718 1316 κορύφαιναν
741 1238 968 1309 appellari
990 1239 1210 1300 tradunt3
1257 1239 1396 1311 quod
1424 1236 1724 1293 vocabulum
1752 1257 1778 1290 a
1813 1233 2046 1315 κορυφή,
2076 1252 2267 1298 verteX,

393 1314 668 1368 derivatum
705 1309 1002 1379 Kondeletio
1033 1318 1234 1383 pinnam
1263 1312 1502 1367 dorlalem
1532 1311 1733 1380 longam
1761 1316 1810 1365 in
1841 1318 1998 1386 capite
2028 1315 2267 1382 incipien-

393 1401 498 1442 tem
527 1406 729 1455 arguere
751 1387 969 1450 videtur,
1010 1405 1161 1459 quam
1182 1402 1429 1456 praeterea
1461 1406 1577 1440 cum
1610 1391 1789 1458 equina
1817 1387 1970 1439 cauda
1992 1390 2271 1456 comparari

395 1476 532 1531 putat
551 1461 696 1514 altera
716 1460 1056 1531 appellatione.
1128 1466 1316 1514 Verum
1340 1480 1395 1515 ea
1435 1460 1698 1514 fimilitudo
1727 1475 1810 1513 aut
1842 1460 1970 1513 nulla
2001 1459 2145 1530 plane
2186 1472 2272 1512 aut

395 1534 631 1589 levissima
651 1537 733 1588 est.
808 1530 914 1588 Nec
932 1549 1070 1605 putat
1090 1538 1218 1589 adeo
1249 1533 1504 1607 Geffnerus
1533 1533 1594 1587 ab
1622 1534 1713 1587 hac
1741 1533 2053 1588 similitudine
2083 1553 2271 1588 nomen

395 1610 511 1680 pisci
534 1609 626 1661 effe
646 1608 856 1661 inditum
873 1610 954 1663 sed
974 1609 1240 1679 hippurum
1259 1608 1384 1664 forte
1406 1610 1530 1671 dici,
1567 1609 1702 1681 quod
1723 1613 1840 1681 equi
1862 1612 2003 1662 instar
2026 1624 2133 1662 ruat
2147 1647 2160 1671 ,
2184 1609 2270 1661 de-

398 1688 554 1736 rivato
593 1681 839 1737 vocabulo
869 1683 930 1736 ab
959 1684 984 1741 o’
1018 1680 1117 1744 έαν
1154 1703 1311 1737 ruere.
1413 1689 1600 1737 Verum
1631 1683 1761 1754 apud
1791 1680 2060 1737 Aelianum
2094 1688 2200 1736 XV.
2231 1701 2270 1736 ι.

399 1757 639 1827 hippurus
660 1758 834 1810 dicitur
863 1708 1100 1811 insegum
1130 1762 1255 1810 circa
1277 1777 1428 1830 aquas
1447 1757 1682 1820 volitans,
1741 1757 1881 1829 quod
1911 1772 2087 1810 truttae
2121 1775 2271 1827 appe-

399 1846 508 1884 tunt
530 1830 812 1902 exsilientes.
885 1834 961 1885 Est
982 1831 1099 1884 illud
1125 1851 1187 1884 ex
1208 1850 1388 1901 genere
1408 1832 1793 1902 ephemerorum
1819 1828 2048 1894 Mummi,
2073 1831 2271 1886 duobus

400 1919 483 1958 aut
510 1906 662 1959 tribus
697 1906 805 1958 setis
846 1905 1124 1976 praelongis
1164 1907 1442 1960 caudatum.
1548 1910 1693 1958 Hanc
1731 1909 1875 1974 igitur
1906 1904 2273 1959 similitudinem

399 1983 608 2050 equinae
644 1979 827 2032 caudae
854 1979 888 2034 fi
906 1982 1154 2050 sequimur
1184 1985 1331 2034 etiam
1359 1985 1409 2034 in
1440 1984 1744 2048 cognomine
1777 1981 1931 2049 pisce,
1970 1977 2119 2048 longe
2148 1979 2268 2032 alius

398 2053 706 2124 quaerendus
729 2056 832 2106 erit.
917 2051 1207 2109 Numenius
1237 2070 1384 2126 poeta
1407 2054 1573 2127 quide
1593 2054 1857 2124 piscatione
1882 2053 2104 2117 tradidit,
2137 2053 2271 2107 salta-

398 2140 560 2181 torem
579 2127 847 2197 hippurum
870 2131 1202 2196 cognominat.

552 2233 840 2291 Novacula.
893 2233 1101 2290 Plinius
1144 2236 1383 2290 novacula
1419 2237 1549 2306 pisce
1578 2254 1706 2308 quae
1745 2233 1866 2288 taffla
1907 2236 2040 2298 sunt,
2089 2232 2274 2288 ferrum

403 2308 540 2363 olere
571 2314 648 2362 ait.
723 2316 968 2363 Praeterea
993 2329 1146 2362 nemo
1168 2324 1393 2362 veterum
1414 2315 1650 2363 nominat.
1703 2306 2034 2364 Bondeletius
2058 2313 2107 2362 in
2130 2329 2270 2364 com-

402 2387 652 2454 paratione
671 2383 861 2437 secutus
881 2385 946 2436 est
976 2382 1339 2437 similitudinem
1370 2388 1588 2437 nominis
1618 2381 1829 2452 vulgaris
1859 2381 2053 2456 Rason.

552 2486 862 2566 Πόμπιλος,
898 2492 1175 2562 Pompssus,
1223 2511 1248 2545 a
1267 2495 1511 2566 ,πέμπειν
1553 2496 1802 2555 comitari,
1836 2497 1962 2563 ¹quia
2005 2510 2154 2546 naves
2185 2511 2272 2548 co-

411 2570 619 2620 mitatur.
672 2565 946 2638 Oppianus
967 2571 999 2619 Ι.
1032 2586 1049 2617 ι
1067 2574 1146 2625 86.
1164 2570 1212 2620 in
1231 2566 1328 2620 alto
1351 2572 1470 2619 mari
1493 2566 1652 2635 legere
1674 2571 1801 2620 canit
1818 2567 2098 2637 pompiium
2126 2581 2173 2620 et
2192 2586 2275 2620 na-

406 2658 492 2694 ves
512 2642 663 2712 usque
683 2641 744 2693 ad
765 2655 918 2693 terrae
938 2645 1163 2694 viciniam
1187 2644 1410 2694 comitari
1434 2659 1614 2709 magno
1637 2659 1754 2693 cum
1788 2659 1951 2708 grege.
2030 2644 2161 2695 Cum
2182 2645 2273 2710 igi-

406 2727 484 2766 tur
506 2713 666 2767 relidia
689 2733 811 2768 nave
841 2718 1119 2778 revertitur,
1165 2733 1228 2768 eo
1259 2716 1446 2768 indicid
1471 2730 1643 2767 nautae
1675 2717 1944 2782 agnoscunt
1972 2728 2151 2767 terram
2180 2715 2275 2770 effe

406 2791 628 2841 vicinam.
699 2793 946 2842 Praeterea
968 2791 1262 2858 tempestatis
1275 2794 1420 2842 etiam
1442 2781 1613 2843 bonae*
1623 2792 1881 2856 augurium
1895 2807 1957 2841 ex
1977 2807 2039 2842 eo
2060 2793 2274 2858 capiunt,

409 2867 646 2933 quoniam
667 2862 750 2916 nifi
771 2862 1034 2934 tranquillo
1058 2867 1176 2916 mari
1197 2882 1296 2917 non
1319 2879 1530 2933 apparet.
1613 2863 1749 2915 Idem
1771 2868 1845 2914 IV.
1870 2904 1882 2914 .
1913 2882 1991 2925 37.
2022 2863 2275 2932 pompilos

406 2935 608 2989 umbrae
629 2951 846 2990 amantes
867 2937 1002 2989 fimili
1020 2943 1208 2991 ratione
1231 2942 1337 3006 capi
1358 2942 1438 2999 ait,
1471 2952 1524 2990 ut
1544 2936 1798 3006 hippuros.
1897 2935 2085 3008 ppiani
2106 2938 2276 2992 locum
2299 2983 2302 2986 .

413 3010 651 3062 tranvulit
672 3008 916 3064 Aeliwus
944 3016 994 3063 II.
1037 3032 1113 3070 ις.
1185 3011 1461 3079 Delphivm
1493 3011 1725 3080 pompilis
1756 3015 1981 3064 inimicos
2011 3013 2105 3064 effe
2134 3012 2278 3064 tradit

411 3078 695 3139 Pancrates
726 3086 881 3140 Arcas
903 3086 1032 3157 apud
1054 3082 1364 3140 Athenaeum
1386 3089 1483 3139 VII.
1495 3104 1539 3156 p.
1564 3098 1628 3145 28
1641 3104 1682 3149 3·
1696 3098 1842 3158 atque
1863 3103 1924 3139 ex
1948 3104 2012 3140 eo
2032 3083 2282 3140 Aelianus
