2571 3775
1036 330 1331 362 ····“·····’
2027 338 2143 402 147‘,

280 479 283 482 ·
365 458 564 531 Razyte,
592 451 814 529 Raychess
875 449 1089 507 'Audior
1122 453 1324 522 gallicus
1356 454 1419 508 de
1434 468 1610 509 natura
1639 459 1805 514 rerum
1834 459 1964 532 apud
1993 458 2051 517 V
2052 459 2129 518 iw-

214 531 430 591 centium
451 526 598 586 XVII.
626 548 728 600 cap.
755 542 839 595 84.
876 528 1049 582 Raithe
1070 534 1196 602 quae
1218 533 1311 582 rais
1331 528 1502 597 gallice
1524 530 1724 594 dicitur,
1766 536 1834 587 est
1859 538 1998 604 piscis
2022 556 2127 591 ma-

219 614 284 663 ris
313 614 436 663 inter
462 607 611 677 pisces
635 602 827 658 nobiles
851 610 1128 674 reputatuS,
1161 603 1439 657 admodum
1461 604 1596 667 vilis,
1633 620 1684 658 et
1715 607 1817 660 hoc
1843 608 1926 661 ubi
1954 612 2022 663 est
2053 616 2128 680 pi-

215 684 372 737 scium
395 683 566 750 copia3
601 677 970 751 propemodum
995 677 1238 732 rotundus
1257 681 1325 732 est
1357 693 1406 732 et
1433 683 1483 731 in
1505 679 1811 747 longitudine
1840 696 1892 735 et
1911 681 2123 737 latitudi-

217 775 282 809 ne
312 753 414 808 fere
445 753 674 825 aequalis.
749 751 942 807 Oculos
965 751 1120 806 ¹habet
1148 751 1437 817 horribiles,
1485 772 1543 808 os
1572 773 1777 827 quoque
1806 754 2124 822 deformitate

217 829 453 892 lividum,
498 843 546 881 et
573 828 675 882 hoc
705 845 808 881 non
840 847 905 881 eo
936 825 1053 882 loco
1083 845 1186 899 quo
1213 828 1370 897 pisces
1398 832 1604 891 caeteri,
1659 830 1740 882 sed
1771 829 1887 885 loco
1916 836 2125 889 ventris:

215 902 302 958 ubi
331 921 452 957 vero
477 916 622 973 caput
653 915 704 955 et
725 902 860 956 oculi
889 903 997 955 sunt
1017 922 1075 957 os
1106 920 1208 956 non
1237 901 1397 955 habet.
1476 904 1700 957 Caudam
1728 904 1877 959 habet
1897 905 2124 976 praelon-

214 997 329 1047 gam
358 992 413 1031 ut
435 977 667 1041 coluber,
700 992 748 1030 et
776 981 826 1030 in
848 995 904 1031 ea
924 976 1133 1047 spinulas
1166 977 1405 1049 quasdam
1436 993 1600 1030 acutas
1623 976 1782 1035 valde.
1880 980 2042 1035 Habet
2072 995 2124 1037 et

210 1053 515 1125 quan-doque
543 1056 593 1104 in
615 1054 774 1121 capite
793 1051 1030 1122 lapidem,
1066 1069 1160 1104 nec
1187 1051 1460 1114 credimus,
1497 1052 1636 1123 quod
1659 1067 1827 1106 natura
1850 1071 1967 1107 eum
1987 1075 2119 1110 crea-

213 1131 338 1180 verit
366 1126 602 1180 inutilem.
677 1131 839 1180 Huius
872 1144 1039 1179 carnes
1064 1123 1412 1193 indigestibiles
1440 1126 1578 1189 sunt,
1621 1141 1674 1179 ut
1703 1145 1874 1181 carnes
1893 1127 2119 1184 bovinae.

211 1204 549 1272 Impinguatur
576 1215 630 1254 ut
659 1200 776 1254 dicit
803 1199 1094 1256 Aristoteles
1126 1213 1277 1253 vento
1307 1199 1616 1253 meridionali
1644 1204 1806 1255 flante.
1879 1199 2120 1258 filbertus

211 1281 389 1330 XXIV.
417 1293 601 1346 {2244
622 1274 668 1328 b.
704 1274 928 1342 Rayche‚
965 1293 1092 1348 quae
1113 1292 1218 1342 rays
1249 1272 1421 1342 gallice
1440 1274 1702 1338 dicuntur,
1739 1277 1896 1346 pisces
1923 1279 2033 1334 sunt
2053 1278 2117 1333 de

210 1369 394 1420 genere
419 1348 676 1420 ped-inum
698 1350 917 1412 rotundi,
948 1352 1009 1402 ita
1032 1349 1171 1422 quod
1191 1348 1416 1402 cubitum
1436 1348 1514 1402 vel
1536 1350 1663 1404 duos
1684 1349 1880 1405 cubitos
1899 1352 2117 1425 aliquan-

211 1427 279 1480 do
304 1423 488 1478 habent
506 1430 554 1478 in
574 1424 824 1479 latitudine
848 1438 897 1477 et
915 1437 1036 1497 tant.
1090 1424 1207 1476 dem
1225 1427 1274 1475 in
1295 1422 1530 1491 longum3
1575 1425 1784 1478 caudam
1803 1425 1984 1480 habent
2004 1427 2115 1483 lon-

208 1519 352 1569 gam,
394 1514 442 1553 et
473 1503 524 1552 in
550 1499 641 1554 hac
669 1498 895 1570 pinnulas
930 1443 1094 1553 acuffis
1123 1498 1186 1550 ad
1221 1499 1513 1552 natandum:
1561 1498 1738 1553 oculos
1773 1499 2032 1556 horribiles
2065 1517 2115 1557 et

208 1594 267 1629 os
288 1573 420 1648 quafi
449 1578 500 1628 in
529 1573 647 1629 loco
677 1577 857 1629 vent—ris
885 1575 1237 1644 turpissimum:
1276 1591 1446 1627 carnes
1474 1572 1658 1627 habent
1678 1574 1822 1628 duras
1854 1589 1904 1629 et
1924 1577 2113 1645 indige-

207 1648 414 1712 stibiles‚
454 1667 547 1703 nec
579 1649 686 1703 sunt
714 1652 1016 1719 appreciatae
1046 1651 1099 1701 in
1128 1646 1298 1700 cibum
1320 1646 1404 1703 nifi
1426 1652 1476 1701 in
1497 1647 1620 1702 locis
1650 1647 1736 1703 ubi
1752 1650 1851 1721 ipse
1868 1651 2012 1723 piscis
2040 1669 2114 1706 ra-

206 1729 308 1779 rius
330 1726 602 1786 invenitur3
640 1721 711 1776 ibi
740 1727 876 1778 enim
902 1736 1109 1794 propter
1126 1726 1372 1776 raritatem
1403 1721 1708 1777 defideratur.
2089 1729 2096 1735 ⁴

352 1837 557 1921 Νάρκη,
594 1846 780 1905 Nar-ce,
816 1845 848 1896 i.
868 1860 910 1896 e.
939 1856 1139 1913 torpor,
1174 1840 1330 1897 latinis
1351 1841 1612 1913 Torpedo.
1688 1847 1801 1897 Vim
1822 1843 2116 1914 singularem

205 1918 344 1990 piscis
376 1921 566 1989 experti
593 1920 824 1971 testantur
845 1918 1162 1989 antiquiffnni
1191 1918 1643 1987 scriptores-graeci
1662 1915 1821 1973 Plato
1852 1935 1901 1973 et
1917 1919 2112 1989 Aristo-

204 1989 337 2047 teles.
417 1996 552 2047 Cum
572 1990 702 2045 nulla
722 1989 962 2045 dubitatio
986 1990 1041 2045 fit
1059 1991 1276 2044 eundem
1296 1992 1391 2045 effe
1410 1992 1618 2061 piscem,
1655 1991 1806 2064 quem
1827 1993 1894 2047 illi
1915 2013 2111 2050 memo-

205 2081 400 2131 rarunt,
433 2086 550 2119 cum
569 2085 631 2119 eo
646 2104 660 2128 ‚
701 2070 753 2118 in
774 2085 876 2137 quo
899 2080 974 2119 tot
1002 2070 1334 2136 experimenta
1361 2069 1605 2119 recentior
1626 2081 1755 2120 aetas
1787 2067 1921 2139 capta
1941 2068 2110 2139 vulga-

204 2146 302 2204 vit,
332 2142 528 2211 copiosa
560 2141 786 2194 locorum
809 2139 1112 2208 singulorum
1133 2139 1458 2210 explicatione
1480 2159 1582 2193 non
1595 2142 1669 2193 est
1698 2161 1838 2212 opus.
1914 2144 2110 2213 Singula

205 2235 260 2270 ea
290 2215 490 2283 collegit
509 2214 761 2282 diligentia
784 2212 936 2267 Coma
958 2211 1172 2285 Gefizeri
1199 2228 1248 2266 et
1277 2209 1561 2284 Lauglzzttlz
1590 2218 1639 2266 in
1663 2216 1923 2286 Opusculis
1953 2219 2014 2272 ad
2036 2210 2110 2274 hi'-

205 2293 405 2344 flotiam
424 2288 693 2343 naturalem
714 2286 1064 2358 spec‘iantibus³
1094 2293 1167 2340 W
1171 2287 1415 2355 itebergae
1447 2301 1602 2352 1734.
1624 2289 1782 2344 editis.
2017 2286 2022 2290 ’

356 2416 526 2476 Ralla.
565 2421 766 2472 Nomen
792 2417 890 2473 hoc
908 2421 1050 2488 ponit
1073 2412 1262 2472 lorath
1284 2416 1414 2487 apud
1441 2413 1494 2472 V
1498 2414 1768 2474 iacentimn
1788 2425 1938 2476 XVII.
1971 2440 2011 2474 e.
2030 2433 2111 2490 84.

207 2490 424 2551 Nare-os
463 2493 648 2546 ibidem
681 2510 784 2561 cap.
808 2511 893 2555 75-
929 2493 992 2546 de
1021 2492 1203 2546 eodem
1232 2493 1361 2562 pisce
1390 2491 1580 2560 legitur.
1662 2491 1912 2550 Albertm
1934 2501 2112 2552 XXIV.

206 2586 506 2641 pag.442.a
552 2567 864 2638 torpedinem
905 2571 1128 2622 nominat
1172 2581 1222 2619 et
1259 2570 1654 2638 experimentum
1691 2587 1718 2622 a
1748 2570 1884 2625 socio
1914 2585 2113 2643 captum

205 2656 466 2698 memorat.

356 2756 633 2825 (Dassxwm,
672 2759 946 2813 Phocaena.
1021 2765 1136 2814 Vox
1159 2779 1184 2814 a
1206 2755 1386 2835 φώκη,
1429 2759 1610 2830 phoca,
1640 2761 1865 2816 derivata.
1903 2761 2108 2833 Aristo-

2169 1853 2341 1901 tto.1:»

2190 2772 2230 2815 P.
2248 2784 2338 2827 ¹04·

214 2833 333 2892 teles
351 2842 427 2889 VI.
461 2855 536 2888 πρ.
577 2835 770 2906 delphis
795 2850 843 2888 et
862 2832 1095 2906 phalaena
1127 2849 1175 2888 et
1206 2835 1417 2907 reliqua,
1451 2854 1578 2905 quae
1598 2835 1843 2891 branchiis
1874 2853 2039 2891 carent
2064 2852 2112 2891 et
2133 2826 2236 2871 Gen.
2270 2843 2337 2883 47·

214 2911 372 2965 fistula
394 2910 653 2981 respirant,
692 2913 865 2962 vivum
886 2908 1066 2961 animal
1090 2914 1311 2980 pariunt,
1363 2923 1415 2960 ut
1435 2909 1594 2962 homo
1617 2911 1870 2982 etreliqua
1898 2917 2107 2982 vivipara

210 2984 451 3039 animalia.
533 2984 738 3054 Delphis
764 2984 1107 3054 utplurimum
1128 3004 1288 3036 unum
1312 2981 1503 3036 foetum
1529 2984 1657 3046 edit,
1679 2986 1928 3040 interdum
1949 2987 2110 3048 duos;

209 3059 445 3131 phalaena
466 3059 543 3110 vel
568 3057 715 3112 binos
738 3058 819 3111 sed
840 3076 1015 3125 magna
1045 3076 1107 3110 ex
1132 3074 1269 3129 parte
1292 3075 1448 3110 unum
1466 3061 1604 3127 parit.
1696 3058 1929 3113 Similiter
1958 3066 2110 3116 etiam

205 3134 490 3207 phocaena,
527 3152 653 3207 quae
681 3151 833 3205 parvo
857 3131 1077 3204 delphini
1094 3131 1277 3190 fiimilis
1299 3133 1379 3184 est.
1455 3132 1678 3186 Nascitur
1698 3132 1822 3188 haec
1851 3139 1902 3190 in
1926 3132 2109 3199 Pomm,

1274 3209 1395 3265 T2
2064 3222 2114 3265 et

2139 2886 2215 2928 No.
2238 2900 2269 2929 1.
