2571 3775
2003 350 2112 395 ρετ

230 465 457 520 inutilem
488 468 635 535 recipi
668 480 694 517 a
723 459 874 516 vefica
908 473 958 514 et
986 479 1072 531 per
1101 460 1308 514 duclum
1334 467 1705 532 pneumaticum
1735 470 1922 524 secerni
1949 471 2119 529 mulzis

231 544 531 608 argumentis
553 558 616 591 ex
644 540 890 588 anatomia
913 536 1045 588 Gadi
1069 535 1196 588 lotae
1222 535 1379 589 duciis
1400 538 1600 608 disputat
1634 540 1707 594 CI.
1729 541 2035 599 Koelreuter
2066 550 2116 601 in

231 618 518 671 Comment.
543 609 826 680 Petropolit.
845 613 989 664 novis
1022 613 1088 662 T.
1104 614 1233 664 XIX.
1263 629 1309 680 p.
1328 628 1452 677 424.

378 736 597 793 PiscibuS*
622 739 762 791 usum
799 736 1209 808 diaphraginati5‚
1260 756 1541 811 quanquam
1580 740 1827 805 levissimi,
1891 761 1916 797 a
1948 759 2116 799 natura

229 814 513 870 conceffum
534 812 628 866 effe
651 813 950 865 demonstrat
979 828 1147 866 contra
1169 810 1492 883 Aristotelem,
1520 820 1590 886 (p.
1612 820 1753 885 102.)
1792 817 1934 873 nullis
1965 838 2118 893 quan-

229 907 378 962 quam
408 887 612 959 piscium
632 885 893 955 generibus
914 890 1196 941 nominatis.

374 1013 598 1070 Galenus
639 1020 688 1069 in
728 1017 1106 1072 Commentario
1147 1012 1208 1068 de
1239 1014 1429 1070 Placitis
1470 1020 1793 1089 Hippocratis·
1818 1034 1867 1073 et
1899 1019 2113 1076 Platonis

224 1088 352 1144 libro
371 1095 486 1143 VIII.
521 1091 727 1159 piscium
766 1109 853 1143 cor
885 1091 1062 1143 dextro
1102 1090 1406 1152 ventriculo,
1465 1107 1638 1162 utpote
1674 1096 1821 1145 etiam
1853 1094 2115 1163 pulmone,

224 1184 389 1217 carere
413 1165 616 1216 afferuit.
656 1166 842 1218 Contra
864 1164 991 1217 hanc
1012 1166 1303 1234 opinionem
1324 1160 1599 1219 Severimts
1622 1167 1851 1236 disputat,
1893 1176 1962 1237 (p.
1985 1173 2113 1235 103)

222 1241 287 1291 ita
312 1252 368 1290 ut
394 1253 545 1308 ponat
575 1253 795 1291 naturam
828 1252 989 1292 totum
1015 1238 1176 1291 cordis
1200 1238 1526 1306 parenchyma
1555 1244 1607 1292 in
1630 1242 1833 1309 piscium
1853 1239 2030 1295 fabrica
2060 1247 2112 1297 in

221 1326 320 1366 tres
351 1317 604 1382 portiones
632 1317 855 1382 partitam
890 1312 999 1365 effe.
1115 1313 1342 1363 Infimam
1377 1312 1558 1378 (finum
1590 1316 1829 1368 venosum
1857 1316 2111 1385 intelligit)

221 1387 507 1454 sanguinem
541 1401 831 1440 concretum
864 1401 912 1439 et
940 1402 1166 1438 carneam
1197 1385 1381 1454 hepatis
1411 1384 1626 1440 formam
1643 1386 1848 1449 referres
1881 1404 2026 1462 atque
2056 1395 2108 1445 in

221 1459 375 1523 hanc,-
414 1461 591 1514 dextro
610 1459 885 1514 ventriculo
907 1460 1211 1531 reliquorum
1235 1459 1519 1513 animalium
1542 1462 1916 1531 respondentem
1933 1501 1947 1526 ‚
1990 1483 2016 1516 a
2038 1467 2108 1530 je-

224 1539 394 1588 cinore
415 1535 757 1588 ascendentem
779 1553 953 1588 venam
973 1533 1313 1604 amplissimam
1337 1534 1488 1586 inseri.
1581 1537 1799 1589 Mediam
1821 1543 2106 1607 portionem

219 1613 378 1662 carnis
405 1608 628 1662 colorem
651 1609 852 1680 quidem
873 1606 1079 1670 referre,
1117 1608 1198 1660 sed
1218 1611 1472 1660 materiem
1501 1607 1737 1662 soliditate
1762 1625 1809 1662 et
1838 1612 2013 1664 duritie
2034 1615 2107 1665 su·-

217 1700 403 1752 perare.
491 1687 632 1735 Hanc
664 1702 783 1737 vero
818 1680 1130 1752 receptaculi
1155 1683 1297 1734 instar
1331 1696 1611 1735 excavatam
1644 1685 1970 1737 ventriculum
1999 1685 2108 1740 fini-

216 1758 367 1810 strum
387 1755 474 1810 fitu
492 1756 795 1827 aliquantum
816 1760 1082 1808 immutato
1106 1756 1459 1824 repraesentare
1481 1770 1530 1808 et
1548 1775 1725 1809 venam
1746 1759 1901 1812 modo
1924 1758 2109 1813 dic‘iam

219 1835 460 1901 excipere.
512 1834 642 1883 Huic
663 1833 855 1883 tertiam
874 1844 924 1883 et
943 1830 1184 1881 summam
1207 1829 1494 1882 incumbere
1515 1830 1959 1897 membranaceam,
1991 1851 2106 1886 can-

217 1905 386 1957 didam
407 1905 600 1966 duram,
635 1905 944 1957 verrucosam
965 1918 1013 1955 et
1035 1901 1261 1955 tenuibus
1286 1903 1419 1957 fibris
1443 1903 1729 1968 distindlznn,
1763 1926 1824 1960 ex
1847 1926 1938 1980 qua
1960 1926 2106 1969 cana-

216 1977 274 2032 lis
294 1979 653 2048 proficiscatur,
687 1995 837 2049 quem
866 1974 1155 2047 Aristoteles
1182 1973 1344 2035 αὐλὼν
1376 1977 1815 2055 φλεβωγιευρώδη,
1855 1983 1950 2052 ipse
1980 2000 2103 2036 vero

214 2050 491 2107 Severimbs
522 2071 605 2106 vas
638 2052 927 2106 arteriosum
958 2050 1188 2121 appellat,
1238 2051 1575 2120 compluribus
1614 2058 1797 2107 arteriis
1835 2059 1885 2107 in
1919 2074 2101 2126 corpus

216 2127 530 2197 dispertitum.
641 2129 784 2179 Hanc
823 2126 1037 2196 denique
1052 2124 1214 2178 -veluti
1246 2126 1608 2195 receptaculum
1640 2128 1730 2180 effe
1765 2144 2007 2198 paratam,
2048 2134 2098 2183 in

216 2201 352 2272 quod
374 2214 625 2270 apparatus
658 2199 808 2269 paulo
829 2203 1080 2253 intimiore
1101 2204 1404 2269 promtuario
1434 2202 1625 2270 spiritus
1646 2204 1889 2256 efferatur.
1965 2208 2099 2257 Tres

213 2278 360 2342 igitur
395 2275 559 2328 cordis
591 2272 885 2327 ventriculos
928 2287 1096 2327 contra
1130 2292 1279 2345 quam
1307 2277 1356 2326 in
1389 2274 1487 2328 aliis
1529 2276 1813 2330 animalibus
1842 2278 1998 2331 adeffe
2027 2281 2096 2330 ait

212 2345 518 2416 Savariam&
563 2347 642 2401 sed
671 2347 799 2400 male
825 2347 960 2400 idem
991 2361 1119 2399 taxat
1138 2345 1473 2416 Aristotelem,
1524 2354 1608 2420 qui
1643 2351 1927 2420 supremum
1958 2352 2096 2405 illum

213 2423 377 2476 cordis
410 2426 601 2490 apicem
633 2425 907 2491 principem
939 2421 1102 2475 cordis
1132 2435 1321 2491 partem
1350 2423 1442 2476 effe
1474 2426 1712 2477 censuerit
1723 2446 1737 2487 3
1770 2427 1905 2497 quod
1927 2425 2098 2479 nullibi

211 2494 396 2551 facium
421 2495 515 2549 effe
545 2513 571 2547 a
602 2494 900 2565 philosopho
937 2495 1172 2566 equidem
1203 2495 1366 2549 video.
1477 2497 1560 2550 Ille
1591 2518 1709 2552 vero
1737 2504 1927 2570 apicem
1957 2500 2094 2553 hunc

212 2570 403 2632 cordi5‚
444 2572 635 2622 tertiam
660 2587 685 2621 a
709 2566 950 2631 Severino
975 2572 1260 2638 portionem
1282 2569 1490 2634 dictam,
1529 2590 1626 2625 una
1654 2593 1769 2626 cum
1792 2575 2093 2644 procedente

208 2644 326 2697 inde
352 2647 517 2697 arteria
541 2642 749 2696 fistulam
779 2644 861 2696 seu
883 2643 1101 2696 canalem
1128 2642 1294 2696 album
1319 2646 1549 2710 craffum,
1582 2660 1630 2700 et
1652 2662 1851 2701 naturae
1874 2651 1997 2703 inter
2017 2668 2093 2702 ar-

209 2723 380 2772 teriam
410 2731 456 2771 et
476 2716 755 2770 musculum
779 2717 996 2780 mediae,
1035 2716 1307 2788 appellavit.

355 2847 649 2901 Auriculam
682 2867 744 2901 ex
772 2844 1016 2902 Hm'vaeo
1055 2845 1306 2911 describit,
1362 2866 1570 2922 eamque
1599 2849 1760 2905 cordis
1791 2850 1868 2904 vel
1899 2850 2090 2904 denfio-

209 2939 315 2974 rem
346 2921 424 2974 vel
453 2921 878 2976 membranaceam
907 2937 1127 2976 naturam
1164 2938 1211 2976 et
1240 2925 1632 2991 magnitudinem
1664 2927 1798 2996 sequi
1837 2928 2088 2985 annotavit

205 3000 280 3064 (p.
312 3014 371 3046 10
389 3001 445 3058 π).
523 2997 846 3050 Pericardium
878 3001 926 3050 in
953 2995 1160 3059 lacerto,
1197 2996 1457 3067 sphyraena
1481 3015 1528 3053 et
1550 2997 1781 3071 lampetra
1803 3000 1885 3052 seu
1906 3001 2087 3054 muste-

200 3068 246 3122 la
273 3068 483 3125 solidum
507 3083 558 3123 et
574 3071 776 3126 firmum
805 3075 1080 3135 annotavit3
1125 3077 1195 3143 (p.
1231 3075 1372 3138 106).

1183 3204 1221 3256 Ε
1234 3219 1260 3254 e
1300 3218 1329 3270 3
1856 3211 2082 3268 Perveni-
