2571 3775
470 373 584 424 208*
1276 371 1568 411 ““”““““““ἵ““

468 493 618 551 versa.
690 492 892 547 Genera
915 489 1053 543 enim
1073 486 1221 557 longa
1248 489 1298 540 in
1321 487 1585 560 aquiloniis
1609 486 1733 543 loeis
1754 487 1934 544 melius
1960 490 2286 561 proveniunt3
2323 500 2372 544 et

469 572 645 625 aestate
676 568 857 623 iisdem
877 569 928 619 in
949 564 1073 619 locis
1098 564 1258 617 versus
1278 562 1569 636 aquilonem
1597 563 1762 634 plures
1790 564 1928 634 longi
1954 583 2106 636 quam
2136 562 2266 634 plani
2291 581 2372 628 caf-

471 649 687 716 piuntu‘r.
718 672 786 684 --
883 640 1090 708 Thynni
1117 641 1350 692 omnium
1386 643 1604 692 maxime
1635 640 1853 707 gaudent
1886 655 2084 711 tepore3
2125 638 2241 693 ideo
2265 656 2371 701 aref-

473 720 590 774 nosa
613 718 755 771 litora
777 715 988 777 adeunt,
1029 727 1077 766 et
1107 730 1193 781 per
1216 712 1404 765 summa
1429 718 1575 767 maris
1605 718 1848 779 innatant,
1887 728 1942 768 ut
1973 730 2147 785 tepore
2176 716 2372 784 potian-

471 809 565 847 tur.
622 796 760 845 Parvi
780 791 932 860 pisces
952 787 1152 841 salutem
1174 790 1222 838 in
1250 800 1510 840 contemtu
1540 791 1792 855 majorum
1822 794 2087 859 reperiunt.
2138 786 2371 843 Ovorum

471 886 592 922 vero
623 879 676 919 et
701 863 924 919 foeturae
958 877 1137 930 magna
1165 875 1501 931 pars-propter
1531 863 1667 918 hunc
1692 868 1876 932 teporis
1910 880 2137 919 amorem
2160 862 2371 917 absumi-

469 957 576 1003 tur3
629 935 981 1013 quemcunque
1010 939 1149 990 enim
1176 933 1349 990 locum
1383 937 1539 1005 pisces
1580 951 1752 1008 tepore
1781 936 1940 993 allecti
1971 942 2245 1008 attigerint,
2302 937 2370 991 ibi

467 1015 715 1072 foeturam
750 1031 959 1067 omnem
981 1012 1248 1064 destruunt.
1325 1012 1602 1080 Capiuntur
1632 1016 1852 1066 maxime
1881 1013 2033 1082 pisces
2063 1028 2174 1067 ante
2199 1027 2368 1066 ortum

470 1091 583 1146 solis
613 1104 663 1144 et
693 1091 800 1160 post
826 1088 1084 1149 occasum,
1124 1099 1208 1139 aut
1237 1089 1510 1154 generatim
1541 1090 1668 1140 circa
1700 1086 1813 1142 solis
1844 1102 2014 1142 ortum
2045 1102 2095 1140 et
2125 1088 2371 1142 occasum.

470 1169 643 1238 Atque
673 1164 723 1217 hi
753 1162 906 1231 jafius
934 1164 1196 1232 praecipue
1229 1159 1448 1229 prosperi
1470 1161 1691 1240 (ὡραῖοι)
1730 1161 1998 1224 habentur3
2038 1161 2370 1234 quamobrem

471 1242 732 1313 piscatores
759 1257 821 1292 eo
840 1252 1067 1307 tempore
1087 1233 1245 1289 solent
1265 1239 1383 1289 retia
1401 1235 1589 1290 tollere.
1665 1241 1820 1290 Tunc
1843 1241 1978 1291 enim
2001 1241 2221 1291 maxime
2244 1237 2369 1290 visus

417 1381 420 1385 .
471 1317 676 1388 piscium
704 1312 893 1367 fallitur.
968 1309 1136 1365 Notstu
1162 1313 1300 1364 enim
1326 1311 1663 1382 requiescunt,
1706 1310 1816 1366 luce
1844 1326 2014 1365 autem
2040 1314 2139 1379 jam
2163 1311 2369 1365 clariore

471 1390 649 1445 melius
678 1389 864 1441 vident.
897 1415 968 1427 ——-
1059 1384 1271 1439 Morbus
1303 1384 1534 1454 pestilens
1575 1384 1736 1440 nullus
1776 1387 1992 1440 incidere
2019 1385 2229 1457 piscibus
2260 1389 2368 1438 uni-

474 1463 617 1517 versis
655 1464 870 1525 videtur,
911 1459 1066 1533 qualis
1105 1459 1375 1513 hominum
1415 1459 1805 1533 animaliumque
1846 1461 2151 1533 reliquorum
2183 1463 2370 1531 generi,

471 1553 726 1607 aegrotare
763 1552 929 1591 tamen
954 1550 1006 1589 et
1038 1534 1121 1605 ipsi
1154 1547 1399 1605 putantur.
1514 1535 1783 1590 Piscatores
1812 1535 2052 1590 morbum
2083 1549 2294 1605 arguunt
2322 1539 2372 1588 in

470 1612 743 1669 macilentis
775 1625 824 1664 et
850 1609 1193 1679 languentibus
1221 1608 1392 1664 colore
1414 1623 1635 1672 mutato,
1675 1615 1759 1683 qui
1785 1629 1903 1664 curn
1931 1609 2153 1682 pluribus
2187 1627 2374 1678 conge-

472 1687 674 1741 neribus
708 1685 865 1741 obefis
892 1688 1021 1756 capti
1050 1683 1249 1738 fuerint.
1282 1713 1350 1725 -
1424 1687 1685 1756 Tempora
1715 1685 1930 1756 piscandi
1956 1685 2226 1740 commoda
2258 1682 2373 1756 Op-

467 1759 661 1835 pianus
682 1766 754 1814 ΙΙΙ.
780 1779 846 1825 50
865 1760 995 1833 seqq.
1018 1763 1146 1813 canit
1170 1758 1265 1811 effe
1284 1771 1529 1813 autumno
1552 1759 1760 1830 quidem
1780 1760 2112 1829 vespertinum
2141 1773 2188 1812 et
2213 1773 2374 1812 matu-

473 1841 661 1901 tinum,
693 1834 793 1889 sole
813 1838 1036 1894 oriente,
1083 1831 1293 1885 hiberno
1328 1845 1498 1886 ortum
1523 1832 1662 1894 solis,
1700 1851 1857 1887 verno
1887 1851 2009 1888 vero
2042 1847 2207 1888 totum
2240 1834 2375 1886 diem

472 1913 771 1970 convenire3
808 1924 927 1962 tunc
946 1911 1081 1961 enim
1104 1910 1256 1978 pisces
1277 1905 1419 1960 litora
1440 1904 1752 1978 frequentare
1782 1912 1966 1961 amoris
1988 1922 2035 1960 et
2061 1911 2225 1961 coitus
2252 1905 2376 1960 defi-

473 1985 628 2038 derio.
704 1990 956 2038 Praeterea
987 1995 1192 2035 ventum
1222 1979 1318 2033 effe
1346 1978 1709 2034 observandum
1741 1981 1934 2044 lenem,
1974 1987 2213 2054 quoniam
2243 1981 2376 2053 aspe-

474 2079 556 2114 ros
586 2062 794 2112 timeant
819 2059 999 2129 pisces,
1038 2058 1122 2127 qui
1144 2058 1291 2108 etiam
1313 2059 1543 2109 contrarii
1563 2060 1720 2109 ventis
1739 2056 1932 2127 semper
1950 2071 2113 2111 natare
2134 2071 2376 2111 annotan-

473 2149 566 2189 tur.
641 2129 853 2188 Plim‘us
872 2137 954 2185 IX.
987 2128 1111 2183 Seel.
1133 2148 1217 2193 23.
1255 2132 1530 2199 Capiuntur
1558 2145 1672 2184 ante
1700 2130 1812 2185 solis
1845 2146 2040 2193 ortum3
2078 2146 2187 2185 tum
2213 2134 2374 2185 maxi-

474 2226 558 2263 me
579 2204 755 2262 fallitur
773 2208 980 2278 piscium
1002 2205 1143 2259 visus.
1217 2203 1462 2258 Nofiibus
1492 2208 1656 2276 quics;
1694 2221 1743 2259 et
1764 2205 2025 2259 illustribus
2047 2225 2203 2279 aeque
2225 2225 2375 2277 quam

476 2285 558 2337 die
588 2296 811 2336 cernunt.
908 2282 1068 2347 Ajunt
1096 2277 1178 2331 etfi
1205 2276 1385 2331 seratur
1406 2297 1615 2347 gurges,
1662 2281 1883 2333 interesse
1916 2296 2167 2352 capturae3
2211 2284 2375 2352 itaque

476 2358 641 2429 plures
666 2355 883 2409 secundo
906 2352 1060 2406 trastu
1090 2356 1195 2423 capi
1216 2371 1366 2425 quam
1386 2357 1562 2423 primo.
1663 2356 1824 2407 Gustu
1845 2353 1943 2408 olei
1968 2360 2185 2407 maxime
2200 2393 2213 2417 ,
2260 2356 2376 2407 dein

478 2431 688 2485 modicis
709 2428 948 2483 imbribus
975 2427 1214 2496 gaudent,
1253 2426 1574 2499 alunturque;
1591 2457 1659 2468 —-
1705 2443 1755 2481 et
1776 2428 1890 2482 alias
1913 2429 2197 2503 ubicunque
2217 2430 2373 2500 pisces

476 2509 530 2560 in
551 2505 727 2560 eadem
743 2521 870 2576 aqua
890 2504 1057 2558 affidui
1071 2540 1086 2565 ‚
1125 2501 1159 2557 fi
1184 2521 1287 2556 non
1308 2502 1500 2565 affluat,
1531 2506 1889 2557 exanimantur.

626 2614 774 2667 Vides
808 2610 1039 2668 Plinium
1071 2612 1133 2665 de
1169 2613 1256 2666 suo
1284 2611 1516 2665 addidisse
1556 2611 1728 2666 nodies
1759 2612 1989 2676 illustres,
2032 2631 2318 2686 quanquam
2346 2630 2373 2666 a

475 2707 532 2742 re
555 2707 658 2743 non
686 2688 891 2749 alienas,
925 2688 1006 2741 sed
1040 2689 1204 2755 gustus
1237 2685 1335 2740 olei
1365 2685 1508 2756 plane
1540 2690 1734 2758 ineptus
1766 2690 1861 2751 est,
1902 2688 1990 2742 nifi
2009 2687 2186 2741 librarii
2216 2687 2373 2758 culpa,

480 2768 551 2816 uti
579 2764 819 2833 suspicor,
860 2766 924 2815 ita
942 2764 1178 2832 scriptum
1198 2758 1290 2813 fuit
1306 2779 1398 2831 pro
1411 2760 1568 2831 gustu
1590 2759 1753 2815 dulcis
1778 2778 1972 2833 aquae:
2010 2781 2162 2834 quem
2185 2763 2375 2815 sensum

477 2838 692 2905 suggerit
722 2836 860 2891 loeus
880 2832 1192 2907 Aristoteli5,
1231 2839 1755 2907 queminterpretatur
1777 2833 2001 2890 Plinius.
2106 2841 2185 2890 De
2216 2854 2373 2910 aquae

478 2913 667 2969 affluxu
692 2914 937 2966 continuo
963 2910 1169 2982 piscibus
1193 2909 1456 2965 necessario
1477 2910 1666 2965 addidit
1693 2929 1756 2964 ex
1775 2912 1894 2964 Hist.
1913 2911 2130 2964 Animal.
2151 2916 2267 2966 V111.
2293 2929 2339 2963 2.

629 3025 708 3076 De
731 3019 917 3074 morbis
941 3020 1221 3074 lacustrium
1250 3033 1303 3073 et
1321 3020 1628 3073 fluviatilium
1657 3021 1865 3090 piscium
1883 3024 2064 3074 iterum
2091 3026 2154 3074 H.
2172 3021 2237 3074 A.
2257 3023 2373 3072 VIII.

486 3111 571 3146 20.
647 3100 789 3158 HOC,
832 3099 1016 3168 inquit,
1056 3113 1213 3163 genus
1236 3112 1261 3147 a
1280 3096 1409 3164 peste
1431 3095 1639 3166 quidem
1667 3109 1715 3148 et
1736 3096 1890 3166 ipsum
1911 3100 2135 3149 immune
2166 3097 2258 3157 est,
2292 3094 2374 3147 sed

485 3168 737 3225 nonnullis
757 3170 922 3231 morbi
941 3171 1384 3244 inciduntproprii.
1432 3172 1663 3246 Sequitur
1687 3170 1864 3227 deinde
1886 3170 1946 3225 de
1964 3170 2119 3240 glani,
2156 3172 2375 3297 cgpfiino,

502 3282 505 3283 ν
2208 3261 2233 3297 a
2269 3261 2375 3306 erO,

2158 3382 2192 3405 .4.
2202 3400 2209 3412 ἴ
