2571 3775
1030 334 1041 346 ‘
1060 335 1355 361 ’““““““”’““““
2076 329 2148 390 ,6-3

268 462 500 539 qui‘vero
521 458 670 525 longe
694 452 755 520 ab
773 449 1032 506 Herculeis
1052 448 1303 505 columnis
1321 448 1721 518 (fietiGacIitani)
1743 456 2014 525 capiuntur,
2045 472 2155 510 tna-2

269 559 383 594 cros
420 523 557 595 effes
591 549 654 584 eo
686 527 823 599 quod
855 544 1095 594 magnum
1131 527 1230 591 jam
1264 525 1469 597 spatium
1507 527 1720 580 natando
1748 530 1927 582 emenfi
1957 529 2155 584 fuerint,

267 613 454 669 Eadem
472 607 533 657 de
559 603 750 670 thynnis
771 600 914 654 tradit
936 597 1215 671 Oppianus
1233 604 1305 651 III.
1326 606 1432 652 620
1446 601 1574 674 seqq.
1601 620 1729 673 quos
1751 621 1968 656 venereo
1985 606 2155 658 oestro

265 690 489 744 incitatos
510 696 572 731 ex
594 679 803 731 Oceano
833 693 920 746 per
939 672 1121 728 fretum
1143 674 1446 728 Gaditanum
1463 678 1696 735 intrantes
1720 680 1938 747 primum
1959 681 2065 747 capi
2086 682 2150 730 ait

263 759 325 814 ab
342 754 589 824 Hispanis,
629 750 809 805 deinde
827 769 855 803 a
876 749 1110 803 Maffiliae
1129 748 1468 818 piscatoribus,
1503 769 1655 821 porro
1675 755 1726 806 in
1748 750 1904 805 Sicilia
1926 766 1974 805 et
1996 769 2154 804 ama-

262 837 326 885 ris
347 832 478 892 Jonii
501 826 710 887 accolis;
745 825 858 879 inde
891 829 942 878 in
971 824 1179 897 reliquas
1210 828 1356 877 maris
1387 838 1546 895 partes
1566 826 1908 880 mediterranei
1929 843 2154 900 quaqua-

261 904 423 960 versus
445 903 669 972 dispergi,
739 904 932 962 Mirum
950 902 1098 967 igitur
1118 899 1270 952 videri
1290 897 1652 963 debet-lettori,
1689 901 1826 974 quod
1846 898 2057 956 Plinius
2068 906 2150 954 IX.

258 998 361 1049 cap.
389 998 472 1041 ις,
490 977 704 1043 thynnos
725 975 786 1027 ad
811 974 954 1028 litora
971 974 1231 1043 Hispaniae
1259 992 1545 1029 commeare
1572 990 1732 1043 negat.
1819 975 1990 1030 Asello
2020 977 2149 1047 pisce

256 1054 458 1110 inescari
481 1068 723 1118 orcynum
743 1049 881 1101 idem
899 1046 1179 1120 Oppianus
1202 1051 1333 1101 canit
1352 1053 1426 1100 III.
1454 1067 1569 1116 192.
1649 1052 1786 1104 Cum:
1813 1048 2033 1122 plerique
2062 1068 2155 1102 au-

257 1128 419 1182 stores
440 1130 490 1178 in
510 1124 611 1179 alto
632 1124 815 1193 degere
836 1127 957 1176 mari
980 1141 1224 1190 orcynum
1257 1122 1436 1186 dicant,
1471 1142 1627 1195 quare
1645 1120 1902 1196 Diphilus
1922 1124 2150 1177 medicus

259 1202 534 1271 coenosum
556 1199 733 1252 dixerit
754 1217 855 1265 non
874 1197 1110 1266 intelligo
1195 1201 1271 1249 Ex
1291 1196 1526 1252 omnibus
1547 1203 1602 1252 iis
1624 1217 1752 1271 quae
1774 1198 2150 1269 disputavimus,

255 1279 443 1332 constat
476 1290 701 1328 veterum
730 1274 1023 1342 scriptorum
1061 1271 1251 1344 aliquos
1289 1291 1509 1340 orcynos
1544 1278 1828 1337 nominare,
1894 1292 2021 1347 quos
2065 1271 2148 1327 alii

247 1353 496 1420 thynnoss',
526 1349 797 1421 eademque
826 1366 1004 1401 onmes
1033 1347 1097 1400 de
1128 1351 1348 1420 utrisque
1371 1348 1573 1401 tradere.
1683 1352 1788 1418 Qi
1823 1353 2146 1403 nominarunt

256 1441 447 1481 tantum
469 1442 708 1491 orcynos,
748 1420 881 1476 velut
907 1418 1203 1492 Aristoteles
1225 1421 1403 1476 dubios
1423 1442 1519 1477 nos
1537 1421 1783 1486 fecerunt,
1835 1443 1956 1477 num
1985 1437 2146 1476 aetate

254 1521 316 1556 an
334 1503 496 1571 specie
517 1502 700 1551 marive
727 1497 971 1551 diversum
991 1496 1175 1568 piscem
1193 1496 1394 1565 intelligi
1417 1497 1675 1552 voluerint.
1752 1499 1999 1571 Equidem
2018 1501 2144 1551 mari

252 1591 444 1631 tantum
463 1574 708 1630 diversum
731 1591 757 1626 a
777 1572 966 1639 thynno
989 1572 1226 1634 dixerim,
1279 1591 1569 1646 nomenque
1600 1591 1626 1626 a
1656 1577 1924 1644 peregrinis
1951 1590 2141 1626 merca-

253 1650 471 1713 toribus,
507 1652 730 1710 Bruttiis,
769 1650 1035 1716 Campanis
1058 1661 1106 1699 et
1126 1651 1410 1701 Tarentinis
1431 1646 1709 1711 inved'tum,
1746 1651 1831 1720 qui
1862 1647 2141 1701 salsamenta

254 1727 496 1780 Gaditana
519 1742 581 1776 ex
617 1741 809 1790 orcyno
834 1720 956 1774 faeta
987 1725 1036 1775 in
1069 1725 1333 1776 Graeciam
1365 1722 1576 1776 navibus
1606 1737 1923 1794 transportata
1955 1722 2144 1776 vende--

250 1801 393 1863 bant,
432 1813 486 1852 ut
508 1796 679 1851 audior
709 1798 776 1849 est
802 1801 1033 1868 antiquus
1065 1811 1215 1866 poeta
1242 1791 1608 1866 Archestratus
1640 1798 1770 1868 apud
1805 1793 2142 1864 Athen-neum,

251 1876 337 1931 nifi
358 1878 554 1928 mentio
570 1871 759 1943 paludis
780 1871 1049 1925 Maeotidis
1070 1889 1265 1939 orcyno·
1280 1870 1506 1939 adjunc‘ta
1524 1891 1551 1926 a
1567 1870 1635 1927 Χ
1636 1880 1867 1928 ewocrate
1888 1887 1936 1927 et
1959 1869 2142 1927 Plinio

250 1950 441 2007 obstare
464 1948 723 2002 videretur.

399 2029 647 2078 Praeterea
670 2015 969 2089 Aristoteles
989 2018 1181 2092 aliquot
1208 2020 1415 2089 piscium
1441 2038 1505 2073 ex
1525 2020 1830 2089 thynnorum
1848 2019 2027 2075 familia
2043 2040 2138 2093 po-

250 2102 340 2154 suit
381 2101 612 2158 nomina,
659 2112 785 2168 quae
812 2093 982 2147 omiffa
1017 2092 1079 2146 ab
1100 2091 1322 2148 Artedio
1362 2109 1582 2164 repetam·
1610 2095 1836 2150 breviter.
1912 2101 2137 2151 Primum

248 2179 396 2244 igitur
415 2176 531 2225 VIII.
560 2190 579 2222 ι
597 2190 639 2231 ς.
684 2165 988 2224 Primadias
1010 2171 1265 2231 nominat,
1310 2171 1571 2242 postquam
1604 2171 1664 2224 de
1698 2171 2000 2238 thynnorum
2031 2171 2137 2224 lati-

249 2253 434 2304 tatione
458 2246 659 2299 dixerat.
738 2243 1035 2305 Primadiae,
1073 2246 1255 2315 inquit,
1303 2246 1354 2295 in
1376 2246 1606 2298 coenose
1630 2244 1840 2308 abdunt3
1899 2250 2036 2313 cujus
2064 2250 2136 2300 rei

248 2336 598 2392 argumentum
639 2318 737 2380 est,
775 2316 914 2390 quod
949 2335 1114 2390 neque
1145 2335 1208 2370 eo
1239 2331 1469 2387 tempore
1506 2323 1787 2390 capiuntur,
1828 2320 2045 2388 (hieme)
2086 2335 2139 2374 et

249 2400 398 2453 dorso
432 2393 711 2449 faeculento
748 2395 1007 2464 pinnisque
1054 2390 1279 2446 adduciis
1323 2406 1370 2445 et
1413 2393 1545 2466 quafi
1584 2392 1798 2449 infraffis
1843 2394 2134 2466 spedlantur,

248 2474 308 2543 (fi
329 2476 412 2545 qui
433 2469 560 2524 forte
577 2483 699 2522 tunc
717 2469 1006 2536 capiantur.)
1095 2470 1264 2521 Verno
1283 2481 1448 2520 autem
1480 2482 1711 2539 tempore
1736 2471 1985 2540 prodeunt
2004 2487 2051 2524 et
2071 2470 2134 2523 ad

246 2548 408 2603 littora
428 2544 720 2599 accedentes
739 2555 926 2595 coeunt
947 2555 996 2594 et
1015 2544 1232 2610 pariunt,
1278 2560 1387 2613 quo
1402 2557 1628 2614 tempore
1652 2546 1836 2613 gravidi
1859 2550 2132 2616 capiuntur,

247 2638 299 2677 et
316 2621 585 2692 tempestivi
605 2632 713 2671 tum
731 2615 824 2669 effe
846 2629 1078 2685 putantur
1097 2616 1179 2669 seu
1203 2619 1394 2685 optimi.
1470 2619 1739 2673 Autumno
1758 2639 1876 2674 vero
1898 2636 1946 2673 et
1966 2621 2132 2673 hieme

247 2699 517 2752 deteriores
546 2694 668 2746 sunt.
785 2689 938 2758 Simul
971 2694 1121 2743 etiarn
1149 2709 1306 2745 mares
1335 2691 1467 2760 pleni
1504 2694 1689 2747 semine
1718 2694 1914 2764 genitali
1954 2713 2040 2764 per
2077 2696 2130 2748 id

245 2789 443 2843 tempus
465 2782 756 2827 cernuntur3
808 2769 995 2838 (itaque
1019 2768 1257 2835 praestant
1286 2780 1394 2818 tum
1423 2768 1487 2819 ad
1515 2770 1697 2830 usum).
1794 2769 1936 2824 Prole
1966 2771 2133 2824 adhuc

246 2866 418 2921 parva,
467 2842 666 2897 difficile
705 2844 984 2911 capiuntur3
1036 2840 1299 2904 adultiore,
1341 2840 1536 2911 plurimi
1555 2849 1850 2914 capiuntur,
1889 2849 2129 2916 quoniam

244 2940 362 2978 tunc
381 2924 543 2975 oestro
563 2921 880 2984 exagitantur.
956 2920 1008 2967 In
1037 2914 1259 2969 verfione
1293 2913 1475 2970 Gazae
1505 2923 1821 2972 nominantur
1853 2919 2122 2983 Pthii-adae,

245 3003 297 3053 in
329 2996 521 3052 Codice
552 2994 791 3046 Mediceo
816 2984 1110 3067 Πριμοέὃες,
1160 3007 1307 3063 atque
1330 2995 1391 3042 ira
1413 2987 1688 3046 Primades
1716 2995 1946 3063 scriptum
1976 2992 2129 3049 habet

242 3077 391 3127 etiam
418 3068 570 3123 vei-fio
602 3082 741 3120 vetus
772 3084 796 3117 a
818 3063 1003 3119 Cantus
1038 3064 1244 3135 inspedla
1277 3084 1369 3133 pro
1398 3065 1596 3133 vulgato
1622 3067 1921 3145 H91b0ae31'0‘s'·
2000 3073 2127 3123 Eos-

239 3149 359 3203 dem
380 3148 532 3219 pisces
554 3140 831 3217 Oppianus
848 3145 879 3193 1.
912 3152 1024 3204 183.
1066 3135 1354 3217 πρημοὲδως
1374 3145 1597 3195 nominat
1617 3144 1725 3214 post
1745 3142 1983 3211 thynnos,
2019 3142 2127 3211 gla-

253 3255 256 3258 -
380 3252 388 3272 .-
1993 3218 2129 3282 dios,

1829 3433 1853 3448 Q
