2571 3775
411 325 500 375 ,25
1202 330 1494 352 ....-...

418 353 442 386 s

405 446 655 518 mugilem
690 445 920 519 appellat.
989 446 1055 499 Ita
1085 448 1178 498 -IX.
1213 463 1317 517 cap.
1354 452 1434 514 16.
1515 441 1767 515 Mugilum
1797 443 1974 500 natura
1996 441 2211 512 ridetur,
2249 452 2305 502 in*

400 538 551 579 metu
583 526 742 592 capite
769 521 1056 575 abscondito
1088 534 1223 575 totos
1262 523 1310 574 se
1341 520 1579 575 occultari
1618 520 1941 574 credentium.
2016 522 2201 575 Iisdem
2230 538 2301 577 ta-
2358 553 2366 567 ³

412 618 539 658 men·
553 610 684 650 tanta
716 596 952 659 salacitas,
1001 609 1056 648 ut
1075 599 1124 647 in
1154 595 1404 649 Phoenice
1433 611 1482 649 et
1507 594 1813 650 Narbonenfi
1845 599 2099 666 provincia
2137 601 2298 652 coitus

405 688 645 742 -tempore
662 691 689 725 e
710 675 898 725 vivariis
918 688 1107 723 marem
1129 668 1257 722 linea
1274 670 1542 742 longinqua
1560 688 1647 740 per
1669 689 1726 723 os
1744 669 1805 722 ad
1816 669 2082 724 branchias
2098 671 2295 740 religata

415 746 641 805 emissum
668 749 714 799 in
740 763 875 798 mare
888 743 1300 814 eademque'linea
1322 745 1583 798 retradium
1597 742 1806 798 feminae
1824 739 2298 816 sequanturadlitUS,

387 849 400 864 ·‹
416 821 676 892 rursusque
707 817 944 872 feminam
973 835 1133 871 mares
1164 832 1329 888 partus
1350 834 1590 890 tempore.
1665 818 1851 872 Eadem
1883 818 2028 889 plane
2061 820 2204 873 tradit
2235 821 2298 873 de

418 909 617 965 captura
654 893 975 965 cephalorum
1017 892 1098 945 seu
1142 896 1429 963 capitonum
1475 891 1753 965 Oppianus
1789 898 1870 946 IV.
1916 905 2011 953 128
2038 894 2168 966 seqq.
2216 894 2300 947 sed

418 966 669 1025 Aelianus
689 975 723 1022 Ι.
755 986 829 1021 ια.
861 970 948 1040 qui
969 985 1032 1020 ex
1051 967 1234 1020 eodem
1268 987 1386 1020 cum
1409 966 1654 1040 Oppiano
1680 965 1818 1027 fonte
1841 966 2086 1030 hauserat,
2121 968 2301 1038 cepha-

416 1043 495 1099 los
524 1042 727 1115 quidem
747 1057 796 1095 et
815 1044 912 1113 ipse
935 1045 1173 1104 nominat,
1208 1041 1289 1094 sed
1313 1041 1373 1094 ab
1394 1057 1535 1095 acute
1555 1039 1678 1095 facie
1702 1042 1785 1105 seu
1803 1043 1962 1095 rostro
1986 1040 2143 1094 didios
2159 1046 2304 1110 igitur

419 1117 760 1185 oxyrynchOS,
796 1114 1066 1185 intelligere
1087 1115 1234 1182 jubet.
1325 1117 1403 1169 Est
1432 1121 1579 1185 igitur
1598 1113 1843 1179 Aeliano,
1867 1129 1932 1179 jet
1965 1134 2117 1186 quem
2146 1120 2185 1169 is
2216 1135 2302 1169 ex-

421 1193 667 1263 scripserat
687 1210 803 1245 cum
823 1189 1068 1262 Oppiam
1080 1227 1095 1253 ,
1136 1189 1385 1259 Cephalus
1407 1195 1697 1259 genericum
1719 1208 1933 1252 nomen,
1955 1191 2301 1260 cujus’species

423 1284 520 1321 una
550 1265 610 1319 ab
641 1281 788 1319 acuto
825 1267 982 1319 rostro
1013 1264 1325 1332 oxyrynchus
1357 1264 1482 1317 diela
1515 1264 1658 1335 plane
1683 1263 1859 1316 eadem
1880 1278 1929 1317 et
1949 1279 2116 1317 natura
2140 1280 2189 1318 et
2209 1285 2301 1318 no-

425 1345 570 1396 minis
603 1339 952 1409 fignificatione
984 1342 1052 1393 est
1088 1358 1203 1391 cum
1224 1335 1517 1408 Aristotelis
1549 1341 1749 1392 cestreo.
1769 1368 1839 1377 -
1914 1343 2068 1393 Porro
2099 1335 2307 1393 Plinius

424 1420 510 1468 IX.
531 1434 632 1485 cap.
655 1433 738 1478 42.
777 1413 1015 1483 mugilem
1035 1411 1396 1476 velociffimum
1423 1417 1653 1466 omnium
1673 1414 1879 1482 piscium
1908 1411 2055 1479 refert
2083 1432 2146 1465 ex
2175 1408 2303 1467 Αἰή-

374 1539 378 1542 .
414 1486 603 1561 stotele.
644 1494 726 1541 IX.
742 1507 851 1559 cap.
873 1495 957 1541 62.
990 1487 1147 1555 mugil
1170 1501 1220 1539 et
1243 1486 1387 1557 lupus
1406 1502 1584 1541 mutuo
1611 1487 1732 1541 odio
1763 1490 1993 1554 flagrant,
2036 1506 2224 1556 conger
2256 1502 2304 1541 et

429 1581 690 1626 muraena,
740 1562 917 1616 caudas
949 1566 1071 1615 inter
1103 1563 1149 1614 se
1180 1562 1543 1631 praerodentes.
1611 1561 1742 1614 Male
1774 1558 1996 1615 Plinius.
2068 1566 2304 1615 Muraena

434 1641 569 1691 enim
594 1655 811 1705 congro,
850 1636 991 1706 lupus
1011 1633 1182 1704 mugili
1203 1637 1448 1706 praerodit
1468 1635 1690 1688 caudam.
1775 1634 1925 1688 Ree'te
1956 1655 2019 1688 ex
2039 1634 2310 1707 Aristotele

428 1712 603 1766 eadem
622 1708 1070 1783 repetiitAelimms
1084 1716 1141 1764 V.
1157 1722 1241 1773 48.
1313 1714 1424 1762 Sine
1439 1710 1592 1764 dubio
1608 1730 1672 1763 ex
1691 1709 1789 1763 alio
1806 1728 1956 1781 quam
1971 1708 2241 1780 Aristotele
2262 1725 2312 1764 et

436 1783 670 1856 Nigidio
701 1785 939 1838 transtulit
967 1781 1200 1845 Plinium
1247 1784 1379 1836 addit
1401 1788 1559 1837 enim:
1606 1780 1871 1852 Nigidius
1891 1782 2061 1837 audior
2082 1787 2149 1837 est
2170 1804 2310 1854 prae-

407 1889 410 1891 *
435 1861 614 1914 rodere
635 1860 841 1913 caudam
861 1858 1032 1928 mugili
1052 1858 1224 1928 lupum
1239 1895 1255 1921 ,
1295 1858 1598 1929 eosdemque
1616 1859 1741 1911 statis
1765 1856 2007 1911 mensibus
2029 1860 2308 1913 concordes

435 1934 543 1987 effe.
624 1936 816 1987 Omnes
842 1947 1006 1986 autem
1025 1936 1212 1994 vivere,
1254 1931 1430 2003 quibus
1450 1932 1633 1985 caudae
1655 1931 1718 1987 fic
1737 1946 2066 2001 amputentur.
2137 1934 2310 2004 Appa-

435 2011 675 2076 tetigitur
697 2012 843 2060 etiam
862 2026 924 2059 ex
944 2007 1047 2059 hoc
1068 2006 1184 2061 loco
1211 2010 1391 2059 iterum
1413 2003 1699 2076 Nigidium
1712 2002 2031 2075 Aristotelem
2051 2008 2238 2060 vertisse
2261 2012 2312 2061 in

436 2083 716 2136 sermonem
741 2081 943 2135 latinum
966 2093 1014 2133 et
1034 2080 1096 2133 de
1118 2082 1205 2134 suo
1230 2081 1472 2150 quaedam
1492 2079 1721 2133 addidisse
1743 2083 1943 2147 ingenio
1960 2118 1974 2142 ,
2022 2095 2075 2134 ut
2097 2082 2234 2151 supra
2256 2087 2307 2134 in

442 2171 639 2227 captura
677 2155 923 2223 mugilum
956 2154 1327 2208 Narbonensem
1372 2158 1679 2224 provinciam
1717 2153 1902 2206 addidit
1937 2154 2213 2208 Phoenicae
2250 2156 2309 2209 ab

431 2228 705 2301 Aristotele
745 2234 1037 2285 nominatae.
1073 2258 1076 2259 ν
1112 2229 1280 2299 Atque
1320 2232 1528 2280 omnino
1568 2227 1773 2280 dubitari
1807 2230 1966 2296 potest
2004 2227 2213 2282 Plinius
2251 2249 2314 2284 ne

439 2324 660 2376 unquam
692 2301 973 2373 Aristotelis
1009 2301 1158 2356 libros
1205 2319 1408 2369 graecos
1453 2301 1651 2369 legerit,
1690 2320 1750 2354 an
1780 2298 2018 2371 Nigidii,
2052 2306 2310 2379 Ciceronis

444 2383 605 2441 amici,
627 2377 722 2432 sola
753 2380 1149 2447 interpretatione
1174 2374 1313 2427 letina
1338 2374 1393 2428 fit
1412 2376 1547 2434 usus3
1580 2394 1704 2446 quae
1721 2377 2182 2446 posteriorquidem
2206 2374 2311 2432 sen-
2389 2383 2397 2387 ⁴

376 2497 380 2500 ,
444 2457 590 2506 tentia
610 2455 765 2520 magis
789 2451 909 2504 mihi
929 2450 1099 2521 placet.
1176 2447 1418 2517 Mugilem
1449 2449 1700 2502 clariffime
1730 2450 1898 2503 audire
1926 2450 2070 2504 refert
2100 2449 2311 2506 Plinius

443 2530 504 2579 X.
534 2546 635 2597 cap.
668 2546 752 2588 70.
806 2540 854 2578 et
895 2522 1130 2578 Aelianus
1157 2528 1238 2576 IX.
1272 2541 1372 2592 cap.
1402 2541 1450 2585 7.
1505 2524 1642 2575 Idem
1672 2529 1872 2576 XXXII.
1902 2543 2000 2594 cap.
2027 2545 2072 2578 ρ.
2136 2531 2234 2580 Scit
2260 2542 2310 2582 et

441 2601 597 2669 mugil
632 2601 724 2654 esse
746 2603 795 2653 in
814 2600 917 2652 esca
938 2599 1168 2659 hamum,
1212 2597 1498 2668 infidiasque
1522 2616 1623 2650 non
1650 2602 1860 2665 ignorat:
1917 2600 2115 2654 aviditas
2146 2615 2311 2655 tamen

441 2688 569 2728 tanta
598 2677 690 2738 est,
723 2688 775 2727 ut
795 2674 944 2726 cauda
965 2671 1270 2726 verberando
1293 2676 1506 2724 excutiat
1527 2671 1708 2724 cibum.
1786 2672 2012 2725 Similiter
2036 2671 2314 2745 Oppianus

441 2753 518 2801 111.
555 2762 676 2814 482.
711 2747 948 2817 mugilem
968 2747 1258 2814 (cestreum)
1282 2745 1363 2798 etfi
1384 2765 1485 2799 non
1505 2745 1731 2814 gulosum
1751 2745 1902 2798 hamo
1919 2761 2084 2800 tamen
2105 2751 2311 2816 angusto

442 2827 548 2893 capi
577 2828 729 2885 canit,
748 2842 839 2893 pro
857 2823 960 2875 esca
984 2822 1132 2875 indita
1154 2822 1252 2874 offa
1273 2839 1336 2872 ex
1357 2839 1482 2889 pane
1504 2836 1552 2872 et
1578 2822 1715 2873 caseo
1739 2818 1958 2872 confecia
1984 2840 2100 2874 cum
2122 2838 2312 2876 menta:

441 2897 684 2966 Mugilem
728 2898 931 2950 hamum
961 2895 1042 2948 nifi
1083 2895 1236 2948 cauda
1263 2909 1400 2947 antea
1429 2893 1738 2959 verberatum
1769 2913 1870 2947 non
1912 2900 2172 2963 attingere,
2216 2917 2309 2950 nec

441 2976 650 3025 omnino
675 2970 850 3024 animal
874 2970 1073 3042 aliquod
1094 2969 1372 3023 comedere.
1454 2966 1690 3021 Aelianus
1710 2972 1741 3019 I.
1770 2987 1811 3029 3-
1857 2967 1979 3021 haec
2012 2971 2185 3023 eadem
2216 2986 2310 3023 tra-

444 3045 540 3107 dit,
565 3047 662 3098 'sed
685 3051 722 3100 is
743 3066 843 3100 non
866 3042 1188 3116 Offqyimmm,
1218 3043 1298 3096 sed
1320 3043 1535 3096 eundem
1559 3046 1724 3111 potius
1749 3061 1863 3094 cum
1887 3041 2131 3114 Oppicmo
2143 3045 2312 3099 audio-

443 3136 549 3173 rem
580 3120 770 3173 secutus
802 3120 895 3175 effe
925 3118 1117 3174 videtur
1128 3138 1146 3180 5
1205 3121 1428 3174 nominat
1462 3120 1596 3171 enim
1634 3116 1896 3187 cephalum
1929 3119 2160 3189 additque
2199 3137 2315 3172 eum

708 3211 711 3213 ’
2089 3192 2310 3261 intelligi,
