2571 3775
1041 332 1331 353 ““““““““““““
2067 337 2136 389 ’Π

261 452 483 524 anguillis
502 450 738 511 sociatur,
788 447 945 514 magis
967 446 1114 498 etiam
1133 463 1195 497 ex
1216 442 1301 498 illo
1321 442 1466 508 1000,
1509 441 1596 498 ubi
1630 442 1749 500 duas
1783 450 2137 507 tantummodo

259 534 432 599 pinnas
450 523 719 597 pediorales
744 534 799 573 ut
819 519 1025 588 anguilla
1049 518 1231 572 habere
1253 519 1448 581 dicitur,
1469 518 1724 572 clarissime
1745 539 1968 590 apparet,
1994 527 2135 596 quod

259 606 357 668 jam
377 601 497 654 olim
527 594 622 652 W
617 602 822 648 ottonus
843 594 902 647 de
922 595 1222 647 Differentiis
1235 592 1449 647 Animal.
1472 612 1575 663 cap,
1600 611 1711 661 ¹79·
1731 595 1993 664 suspicatus
2015 615 2133 664 erat,

261 674 459 739 intelligi
486 669 682 740 prolem
709 682 793 720 aut
822 669 1036 738 speciem
1067 666 1305 735 anguillae
1333 671 1608 729 minorem,
1647 667 1802 720 saltim
1833 670 1895 722 ad
1922 671 2136 741 Apodes

258 742 474 802 Linnaei
492 747 749 813 pertinere.
824 746 942 796 Non
973 741 1101 795 male
1133 745 1282 810 igitur
1313 738 1563 795 Albertus
1591 740 1914 810 anguillarum
1946 762 2136 803 nomen

252 820 327 872 bis
347 837 463 872 cum
486 819 653 871 cestrei
673 816 772 870 hoc
802 833 984 884 genere
1014 814 1338 882 conjunemm
1369 815 1554 885 posuit!
1613 821 1770 869 Pauca
1802 835 1936 870 nunc
1961 820 2135 887 adjun-

253 910 370 960 gam
390 910 452 945 ex
475 906 640 946 vetere
661 889 880 945 verfione
910 886 1230 959 Ανὶβοτείίς,
1268 907 1364 961 qua
1394 892 1505 944 ulus
1535 891 1605 944 est
1636 905 1830 960 praeter
1861 887 2142 965 Alberwm

258 963 576 1020 Vincentius.
688 970 731 1019 Is
765 968 912 1032 igitur
942 961 1247 1019 Vincentius
1284 968 1434 1017 XVII.
1458 982 1563 1034 cap.
1590 982 1670 1026 <4.
1729 963 1850 1017 haec
1886 971 2031 1035 ponit
2065 987 2131 1023 ex

251 1036 553 1109 Aristotele:
587 1038 836 1097 Fastaleon
852 1040 923 1091 est
941 1056 1099 1106 genus
1121 1039 1263 1107 piscis
1281 1037 1420 1108 quod
1439 1036 1602 1091 solum
1622 1040 1746 1090 inter
1770 1052 1927 1092 cetera
1948 1059 2132 1109 genera

250 1131 407 1181 genus
431 1115 573 1167 suum
592 1133 695 1167 non
717 1112 952 1168 comedit.
1015 1116 1146 1165 Nam
1176 1129 1352 1166 01111103
1371 1111 1526 1180 pisces
1544 1111 1640 1164 {ese
1660 1112 1948 1176 comedunt,
1990 1133 2129 1184 prae-

250 1200 325 1240 ter
343 1185 590 1242 fastaleon.
662 1180 1075 1258 ‘Videsfastaleon
1096 1185 1189 1238 effe
1213 1187 1302 1257 qui
1320 1179 1536 1238 Alberto
1566 1188 1616 1238 in
1646 1183 1864 1239 verfione
1882 1184 2130 1259 fastaleos

248 1275 300 1315 et
305 1260 543 1333 fastinos.
621 1261 759 1314 Idem
787 1257 1090 1315 Vincentius
1111 1277 1216 1330 cap.
1239 1265 1325 1311 60.
1399 1257 1577 1313 Calaos
1602 1260 1668 1312 est
1687 1261 1829 1330 piscis
1850 1266 1999 1315 maris
2024 1264 2127 1333 spe.

247 1339 322 1388 cie
344 1334 674 1389 multiformis.
758 1334 948 1397 Pluvia,
985 1351 1113 1405 quae
1134 1336 1334 1387 caeteris
1355 1332 1587 1402 piscibus
1604 1334 1666 1386 ad
1688 1338 1813 1388 vitae
1844 1336 2131 1396 remedium

247 1423 297 1463 et
315 1414 717 1481 impinguationis
735 1413 966 1476 juvamen
988 1408 1081 1461 effe
1103 1407 1254 1469 solet,
1299 1406 1417 1460 huic
1446 1427 1541 1478 pro
1570 1411 1721 1462 exitio
1755 1409 1911 1462 datur.
1994 1414 2126 1467 Nam

246 1483 450 1538 fimulta
480 1484 644 1555 pluvia
673 1482 847 1546 fuerit,
879 1481 1037 1536 0011113
1069 1495 1320 1544 030031111,
1368 1500 1425 1534 30
1452 1500 1542 1553 per
1571 1483 1877 1554 consequens
1907 1503 2024 1538 cum
2056 1490 2125 1540 ci-

245 1556 370 1611 bum
400 1576 635 1631 quaerere
657 1577 762 1613 non
793 1558 966 1628 poffit,
1006 1554 1137 1610 fame
1167 1560 1394 1610 moritur.
1501 1555 1679 1619 Vides,
1721 1554 1905 1611 Calaos
1934 1560 2002 1612 est
2036 1563 2124 1632 qui

241 1626 460 1688 Alberto
486 1630 692 1687 cuculos,
767 1634 930 1700 Pergit
957 1627 1292 1686 Vincentius:
1334 1630 1550 1684 Carcora
1577 1649 1699 1684 vero
1728 1632 1868 1701 piscis
1895 1633 1989 1696 est,
2032 1637 2123 1706 qui

241 1709 504 1779 postquam
525 1706 910 1778 deprehenditur
926 1705 1088 1759 multo
1109 1708 1226 1758 vivit
1246 1718 1498 1774 tempore,
1540 1718 1591 1758 et
1612 1703 1741 1758 cibat
1759 1707 1806 1759 se
1828 1724 1890 1760 ex
1911 1708 1976 1770 se,
2003 1711 2122 1780 quia

240 1782 383 1852 super
409 1784 515 1845 eius
537 1783 754 1834 intestina
784 1781 853 1833 est
884 1779 1030 1832 nidor
1061 1798 1086 1833 a
1125 1797 1228 1837 uae.
1297 1775 1529 1832 Carcora
1545 1779 1687 1849 piscis
1709 1779 1843 1833 idem
1862 1783 1930 1835 est
1957 1786 2041 1855 qui
2068 1786 2120 1840 in

241 1852 386 1910 Scoti
408 1854 627 1910 verfione
654 1852 719 1911 K
713 1847 916 1920 arabes,
946 1852 1008 1906 ab
1028 1852 1104 1908 Al
1134 1860 1244 1907 erto
1265 1853 1423 1906 modo
1443 1850 1691 1907 Karados
1720 1855 1879 1910 modo
1904 1853 2122 1928 clzeaga4

241 1945 332 1983 ros
359 1929 629 2000 appellatur
655 1947 748 1999 pro
781 1946 1012 1995 myxone.
1085 1927 1240 1999 Apud
1261 1927 1479 1981 eundem
1510 1925 1571 1982 V
1569 1925 1835 1983 incentium
1868 1949 1971 2001 cap,
2002 1938 2120 1997 196.

228 2000 473 2077 fafharos
509 2003 697 2071 legitur
721 2021 814 2073 pro
850 2004 1052 2056 cestreo.
1112 1997 1371 2055 ¹Albertus
1399 2005 1577 2055 XXIV.
1607 2021 1655 2072 p.
1683 2021 1801 2067 24¹·
1821 2022 1862 2057 3.
1907 2006 2118 2060 Astaroz

242 2078 385 2148 piscis
421 2079 488 2131 est
513 2082 596 2149 qui
624 2091 865 2146 ‚tempore
894 2080 1021 2130 veris
1050 2088 1101 2128 et
1136 2078 1361 2128 autumni
1389 2078 1437 2127 in
1467 2075 1803 2144 spumantibus
1822 2077 2115 2148 pluvialibus

240 2167 522 2220 generatur:
573 2165 624 2204 et
643 2156 694 2203 in
713 2155 783 2204 eis
805 2148 1004 2203 ebulliat
1032 2148 1152 2201 ficut
1180 2152 1361 2202 vermis
1392 2167 1455 2201 ex
1486 2149 1778 2205 stercoribus
1801 2152 2113 2215 animalium5

241 2226 416 2278 dicitur
447 2231 596 2279 etiam
627 2244 690 2278 ex
721 2224 828 2277 luto
858 2227 1095 2291 generari.
1167 2227 1262 2275 Hic
1290 2223 1427 2292 piscis
1459 2227 1714 2293 impatiens
1745 2223 1971 2280 claritatis
2000 2227 2112 2283 solis

237 2298 363 2367 fugit
382 2300 443 2353 ad
464 2298 661 2354 umbras
692 2296 927 2351 arborum
954 2315 1075 2369 quas
1099 2300 1152 2348 111
1183 2314 1333 2368 aquas
1360 2299 1649 2366 projiciunt:
1701 2299 1916 2353 calorem
1945 2315 2111 2357 tamen

237 2373 446 2442 diligunt
466 2389 515 2427 et
535 2373 668 2426 hunc
689 2385 978 2445 quaerentes
992 2390 1017 2425 a
1030 2367 1281 2442 profundo
1303 2370 1364 2424 ad
1384 2374 1539 2441 ripam
1558 2386 1750 2434 natant}
1778 2371 2003 2445 tempore
2022 2376 2108 2430 fic-

239 2452 403 2502 citatis
431 2447 708 2512 abundant,
746 2445 829 2498 sed
854 2465 957 2499 non
989 2445 1190 2516 quando
1223 2444 1404 2518 multae
1439 2444 1633 2515 pluviae
1660 2462 1709 2501 et
1738 2447 1922 2503 calidae
1954 2448 2110 2506 abun-

239 2523 370 2576 dant.
458 2522 595 2575 Idem
613 2541 660 2592 p.
680 2538 852 2583 243·‹‘1·
888 2518 1119 2573 fastaleon
1141 2519 1318 2571 animal
1342 2520 1410 2572 est
1433 2524 1679 2574 marinum
1695 2541 1797 2576 non
1816 2526 2112 2594 impugnans

238 2596 441 2668 aliquod
470 2595 674 2659 animal,
728 2613 791 2648 eo
822 2593 959 2665 quod
998 2612 1167 2646 carnes
1193 2612 1297 2646 non
1324 2594 1567 2658 comedit,
1614 2596 1695 2648 sed
1724 2610 1915 2650 tantum
1945 2598 2111 2655 herbis

239 2673 460 2725 vescitur.
530 2670 668 2724 Idem
700 2688 747 2740 p.
770 2685 889 2732 243.
936 2664 1134 2722 Kalaos
1152 2667 1292 2737 piscis
1322 2669 1390 2719 est
1413 2672 1585 2732 maris,
1619 2674 1699 2723 cui
1720 2686 1890 2725 contra
1912 2692 2110 2733 morem

236 2745 448 2800 aliorum
471 2740 702 2814 piscium,
748 2746 834 2815 qui
855 2760 1033 2795 01111103
1053 2741 1229 2811 pluviis
1249 2744 1641 2811 impinguantur,
1674 2763 1800 2817 aqua
1819 2745 2014 2816 pluviae
2040 2752 2108 2803 est

237 2819 466 2881 exitialiS,
501 2819 654 2872 multa
673 2821 806 2872 enim
827 2815 990 2887 pluvia
1011 2815 1334 2870 descendente
1356 2831 1602 2880 caecatur,
1642 2832 1690 2871 et
1709 2822 1875 2889 postea
1898 2826 2108 2875 moritur

239 2892 408 2947 cibum
427 2912 530 2946 non
550 2893 715 2949 valens
738 2895 968 2945 invenire.
985 2921 1050 2930 —-
1111 2890 1213 2943 Sed
1235 2889 1310 2944 his
1330 2888 1577 2954 absolutis,
1614 2909 1740 2963 quae
1758 2894 2107 2960 demonstrant,

237 2986 389 3040 quam
415 2971 546 3021 varie
567 2980 794 3037 corrupta
818 2980 963 3037 atque
982 2963 1267 3035 interpolata
1287 2962 1532 3034 disciplina
1557 2962 1839 3035 Aristotelis
1856 2966 1999 3023 fuerit
2017 2989 2106 3041 per

238 3042 462 3095 medium
483 3058 661 3095 aevum
684 3041 745 3093 ad
764 3059 855 3094 nos
876 3038 1166 3102 transmiss'a,
1200 3039 1454 3092 videamus
1471 3057 1607 3092 nunc
1637 3039 1744 3093 loca
1766 3056 1892 3113 quae
1913 3061 1976 3097 ex
1997 3045 2107 3115 phi-

235 3113 445 3189 losophd
469 3114 709 3172 transtulit
730 3110 954 3170 Plinius,
995 3117 1040 3167 Is
1066 3131 1186 3169 vero
1208 3113 1394 3167 omiffis
1412 3115 1600 3182 graecis
1614 3114 1902 3171 nominibus
1923 3117 2108 3190 ubique

1222 3190 1268 3241 K
1307 3203 1336 3239 2
1867 3193 2108 3263 mugilem
