2571 3775
1004 344 1322 370 ··········
1993 351 2103 404 239

212 460 420 520 biberas
446 466 596 520 audit.
709 463 830 532 Cap.
855 463 1032 516 XXVI.
1073 463 1211 535 quod
1242 459 1419 515 animal
1446 459 1607 516 Helm
1640 464 1856 528 dicatur,
1912 465 2105 527 nescim

210 538 338 595 sorte
368 543 436 595 est
458 539 578 592 felis.
654 538 776 606 Cap.
797 540 995 590 XXVII.
1028 541 1215 590 Ericius
1234 533 1591 609 Schoeinygek
1632 540 1750 608 Cap.
1773 543 1987 591 XXVIII.
2011 544 2106 593 eri,-

212 619 336 677 cius,
371 619 456 685 qui
477 630 652 666 canem
671 614 912 672 imitatum
953 613 1073 681 Cap.
1086 614 1264 666 XXIX.
1298 611 1535 682 Spiriolus
1559 626 1608 664 et
1628 613 1834 673 sciurus;
1872 615 2102 666 CXXX.
2160 652 2161 655 ,

210 685 480 757 Hamqflra
509 687 576 739 est
608 686 830 739 nostrum
852 682 1102 756 Hamster.
1199 690 1251 738 In
1274 682 1487 742 Rabawi
1518 685 1702 741 Gloffis
1734 687 1802 739 est
1823 683 2101 754 HamistrO.
2156 723 2159 727 r

211 764 334 832 Cap.
353 765 532 814 XXXI.
562 765 804 814 Martarus
841 758 1060 813 filvestris
1092 766 1389 815 nominatur.
1481 762 1604 831 Cap.
1624 765 1822 814 XXXIL
1859 756 1957 814 W
1949 775 2105 813 azer-⁹
2163 786 2166 792 ,

207 843 346 895 mart
374 833 666 905 appellatur,
713 839 783 888 uti
812 835 1034 897 videtur,
1075 854 1167 906 pro
1192 833 1494 890 Hausmart.
1556 837 1693 904 Cap.
1717 838 1861 887 XLII.
1894 831 2103 888 ulmirm

206 909 346 963 valde
370 908 516 962 calidi
536 923 584 962 et
603 913 657 962 in
676 909 916 962 viriditate
937 908 1014 961 illa
1036 910 1164 962 nasci
1195 911 1453 972 dicuntur,
1492 927 1586 980 qua
1611 913 1830 978 gramina
1857 912 2104 976 germina-

205 1001 258 1038 re
286 987 540 1053 incipiunt.
634 987 830 1037 Stercus
861 983 1048 1038 horum
1079 984 1470 1038 vermiculorum
1502 988 1552 1037 in
1585 997 1734 1046 terra,
1782 997 1830 1037 et
1854 983 1978 1037 hora
2008 982 2103 1046 illa,

206 1077 327 1111 cum
367 1058 430 1110 ad
464 1058 748 1112 descensum
789 1057 981 1128 pluviae
1010 1059 1317 1128 procedunt,
1369 1060 1499 1129 ‚ipsos
1531 1057 1831 1115 vermiculos
1870 1054 2104 1124 colligere
2149 1093 2151 1095 ·

203 1131 352 1199 jubet.
429 1130 640 1188 Morbus
655 1131 738 1184 hic
767 1131 939 1204 aliquis
961 1129 1302 1206 Hagedrusen
1332 1136 1630 1187 nominatur.
1715 1128 1943 1188 Ulwirm
1961 1129 2102 1198 haud

204 1207 303 1259 scio
330 1225 390 1259 an
416 1206 708 1274 intelligatur
739 1220 895 1260 terrae
923 1209 1232 1272 intestinum,
1268 1209 1353 1263 seu-
1369 1206 1656 1262 lumbricus.
1774 1205 2103 1279 Reliquorum

204 1280 443 1335 libroruin
473 1294 823 1350 argumentum
851 1284 1049 1336 omitto.

351 1389 608 1447 Iohannes
636 1389 969 1465 SerapioniS,
1014 1392 1240 1446 medicus
1271 1390 1462 1455 Arabs,
1509 1391 1674 1446 seculo
1695 1396 1778 1446 IX.
1854 1391 1950 1444 Sed
1983 1387 2104 1442 liber
2150 1403 2157 1411 ³

208 1465 273 1521 de
294 1465 601 1537 Simplicibus
631 1468 713 1520 seu
733 1470 938 1520 materia
961 1468 1156 1521 medica
1185 1471 1513 1532 recentiorem
1536 1466 1682 1522 habet
1709 1464 1992 1529 aucfforem,
2032 1466 2104 1518 uti

205 1538 590 1595 docetFreind
631 1559 680 1611 p.
709 1560 825 1607 144.
883 1562 913 1584 r

350 1632 585 1708 (Jorath.
617 1635 814 1690 Aridior
835 1635 1068 1690 obscurus
1091 1635 1201 1690 libri
1232 1637 1294 1690 de
1319 1635 1609 1690 animalibus
1632 1655 1657 1690 a
1686 1632 1745 1690 V
1744 1626 1985 1695 inermia,
2017 1627 2101 1685 Al.

201 1705 346 1764 berto
369 1714 439 1761 M.
467 1724 515 1763 et
543 1708 944 1765 Bartlzolomaeo
973 1710 1196 1780 Anglico
1225 1712 1365 1782 saepe
1388 1710 1628 1765 laudatus.
1667 1709 1847 1764 Seculo
1872 1714 1975 1762 XII.
2021 1719 2103 1759 aut

203 1787 327 1840 XIII.
350 1784 515 1838 vixiffe
543 1784 752 1838 videtur.

355 1892 611 1963 Isidorus,
643 1896 910 1965 Episcopus
928 1892 1218 1964 Hispalenfis
1238 1896 1379 1948 initio
1403 1894 1549 1948 seculi
1571 1899 1669 1951 VII.
1746 1898 1799 1947 In
1820 1892 1968 1946 libros
1988 1893 2103 1945 Ori·
2142 1890 2146 1894 ’

204 1972 379 2037 ‘ginum
397 1970 479 2022 seu
501 1968 928 2037 Etymologiarum
957 1988 1020 2022 ex
1042 1968 1201 2022 Plinio
1230 1972 1452 2039 inprimis
1474 1983 1620 2041 atque
1652 1968 1846 2021 aliunde
1869 1970 2102 2019 narratio-

204 2061 291 2096 nes
315 2056 365 2096 et
384 2041 567 2097 fabulas
588 2042 764 2097 multas
787 2043 849 2096 de
867 2041 1164 2099 animalibus
1187 2044 1453 2112 congessit,
1482 2043 1661 2097 nullius
1678 2044 1777 2113 ipse
1799 2043 1909 2096 usus
1931 2039 2103 2095 audio-

207 2131 433 2171 ritatisve.
2088 2126 2093 2138 ²

356 2207 691 2284 Kyrarzidum
722 2211 809 2264 sub
839 2212 985 2266 titulo
1014 2214 1166 2268 exstat
1194 2216 1388 2282 ineptus
1416 2209 1565 2275 liber,
1615 2229 1859 2280 nugarum
1889 2212 2105 2278 magica-

208 2305 320 2338 rum
355 2285 561 2356 plenuS,
603 2303 665 2338 ex
693 2304 874 2353 graeco
897 2288 1058 2340 versus
1069 2325 1085 2350 ,
1123 2289 1261 2353 cujus
1294 2288 1540 2356 postrema
1570 2305 1679 2357 pars
1708 2284 2012 2338 medicinam
2039 2293 2102 2336 ex

202 2359 415 2430 piscibus
439 2360 606 2422 tradit,
639 2357 933 2415 aMarcello
963 2361 1125 2414 Sidete
1152 2361 1525 2432 transscriptam.
1602 2364 1727 2430 Qis
1748 2377 1912 2433 quove
1936 2357 2101 2413 seculo

203 2431 500 2503 farraginem
529 2436 669 2487 istam
700 2433 978 2502 collegerit,
1011 2439 1315 2504 ignoramus.

353 2541 612 2599 Leonidas
635 2549 909 2611 Byzantius.
1007 2542 1312 2600 Metrodori
1339 2544 1494 2609 filius,
1556 2563 1708 2619 quem
1736 2560 2004 2617 utrumque
2028 2546 2101 2597 rei

112 2673 118 2677 ,
203 2620 487 2690 piscatoriae
504 2621 849 2690 peritiffimum
871 2624 922 2672 in
942 2619 1159 2689 Epilogo
1190 2619 1422 2673 historiae
1454 2621 1564 2673 suae
1593 2620 1878 2674 animalium
1907 2618 2098 2690 praedi.

206 2708 284 2746 cat
302 2691 555 2747 Aelianus.
635 2698 793 2747 Parvo
822 2697 1060 2764 temporis
1081 2693 1337 2748 intervallo
1358 2693 1419 2746 ab
1437 2691 1675 2766 Oppiani
1697 2709 1852 2748 aetate
1873 2712 1988 2746 eum
2014 2693 2098 2745 ab·

204 2765 342 2821 suifl’e
365 2788 483 2822 cum
502 2787 565 2821 ex
577 2762 828 2822 Atlzewaeo
844 2773 876 2820 I.
905 2786 952 2839 p.
973 2787 1032 2832 13
1060 2767 1368 2837 intelligitur,
1408 2783 1515 2821 tum
1537 2788 1657 2823 vero
1679 2768 1932 2823 clariffime
1953 2785 2098 2837 appa-
2133 2781 2137 2783 ·

205 2856 281 2894 ret
303 2844 446 2905 inde,
485 2843 618 2915 quod
642 2843 893 2897 Leonidas
922 2843 1051 2914 apud
1071 2840 1330 2897 Aelianum
1353 2847 1404 2894 Π.
1430 2848 1462 2895 6
1492 2843 1668 2896 eadem
1694 2843 1760 2896 de
1794 2860 1964 2895 amore
1994 2840 2097 2892 dela-

204 2915 343 2986 pbini
376 2935 402 2969 a
434 2918 481 2968 se
507 2917 590 2971 vifi
618 2921 668 2970 in
694 2922 907 2987 puerum
925 2917 1106 2971 insulae
1125 2916 1440 2971 Poroselenes
1459 2915 1630 2979 refert,
1667 2935 1792 2988 quae
1819 2912 2098 2987 Oppianus

203 2989 461 3043 Halieutic.
483 2997 539 3043 V.
563 3010 685 3056 459.
715 2996 958 3046 memoria
990 2994 1067 3045 sua
1087 2992 1309 3046 accidiffe
1331 2995 1410 3044 ait.
1458 3008 1463 3013 ⁴
1486 2996 1559 3044 Ex
1591 2991 1735 3057 hujus
1755 2988 2093 3058 igiturlibris,

202 3082 332 3136 quos
368 3069 593 3119 oratione
625 3066 839 3135 prosaica
873 3068 1075 3137 scriptos
1103 3064 1238 3120 fuisse
1272 3068 1468 3120 test-atur
1496 3062 1803 3131 Athenaeus,
1856 3062 2093 3118 transtulit

199 3135 462 3205 Admana,
501 3156 630 3215 quae
655 3137 782 3198 libro
802 3144 854 3197 11.
885 3160 926 3197 c.
944 3159 1012 3212 5⁴0
1044 3142 1105 3197 de
1124 3140 1290 3212 gobii,
1325 3141 1558 3197 draconis
1569 3177 1587 3210 ,
1628 3139 1985 3200 lu'rundiniset
2005 3156 2112 3209 pa„

1816 3226 1828 3231 “
1875 3216 2088 3273 stinacae
