2571 3775
999 358 1298 380 “““““““““““
2033 354 2109 410 ‘8⁷7

230 476 503 541 Nicander
530 475 866 543 Thyatirenus·
887 471 1007 525 duas
1041 474 1223 542 species
1253 473 1376 527 scari
1405 471 1681 540 distinguit,
1731 474 1931 527 alteram
1963 473 2112 534 ὀνίαν

233 558 404 623 (asello
430 551 660 611 fimilem)
691 547 894 600 alteram
929 541 1108 606 αἰόλον
1140 553 1169 600 i.
1189 566 1230 600 e.
1250 553 1432 600 variam
1455 547 1713 617 appellans.
1789 550 1957 619 Atque
1987 550 2102 600 hinc

233 624 473 701 Hisyclzii
489 617 636 690 glossa
657 635 763 673 orta
783 621 1001 683 videtur,
1042 625 1125 692 qui
1157 626 1324 675 oniam
1358 622 1472 674 Icari
1503 623 1716 690 speciem
1747 624 2103 691 interpretatur.

231 709 371 758 Hanc
391 695 750 751 distinc‘lionem
768 696 960 748 secutus
984 698 1051 748 est
1073 693 1430 757 Rondeletius,
1468 695 1549 748 etfi
1569 715 1671 768 quo
1692 711 1897 766 utraque
1915 695 2104 763 species

229 786 523 841 argumento
541 770 791 832 differant,
822 787 915 822 nec
945 766 1218 824 [Vicander
1239 789 1331 823 nec
1362 770 1457 840 ipse
1490 770 1673 823 docuit.
1725 769 1880 838 Qiod
1904 764 2104 838 Diphi-

226 847 305 902 lus
321 845 542 898 medicus
564 843 693 913 apud
708 839 1023 897 Athenaeum
1042 843 1218 906 scribit,
1239 845 1431 897 scarum
1440 859 1690 897 recentem
1699 841 1976 913 -suspecium
1990 842 2110 904 effe,

225 923 465 992 quoniam
498 918 691 987 lepores
722 922 938 970 marinos
971 933 1172 971 venatur
1203 923 1362 990 iisque
1382 920 1605 988 pascitur,
1639 918 1689 970 id
1719 918 1781 970 de
1805 917 1910 970 solo
1943 915 2107 969 mullo

221 993 368 1063 refert
387 990 596 1046 Plinius
613 996 691 1044 cui
712 995 959 1058 majorem
978 993 1132 1044 fidem
1153 992 1350 1045 adhibet
1373 989 1718 1047 Rondeletius.
1800 993 1946 1052 Jecur
1976 990 2103 1043 olim-

221 1072 271 1121 in
295 1066 486 1120 deliciis
503 1067 787 1119 mensarum
801 1064 916 1125 fuit3
964 1067 1060 1135 ipsa
1091 1067 1218 1120 adeo
1247 1067 1422 1120 viscera
1457 1084 1573 1118 cum
1594 1067 1823 1118 intestinis
1851 1064 2102 1117 sordibus-

257 1161 318 1194 ue
366 1159 543 1194 eorum
591 1142 687 1205 juri
734 1139 935 1192 admista
983 1139 1337 1210 apparabantur
1376 1141 1437 1192 ad
1484 1139 1681 1203 cibum,
1731 1152 1784 1191 ut
1812 1140 2106 1191 testimonio

258 1212 525 1287 ‘piclmrmi
561 1228 739 1284 poetae
775 1215 988 1274 constan
1046 1229 1095 1267 et
1131 1212 1409 1268 Martialis
1456 1219 1576 1266 XIII.
1607 1227 1688 1281 84.
1793 1216 1889 1267 Hic
1936 1213 2100 1265 scarus

219 1292 472 1361 aequoreis
499 1293 581 1361 qui
601 1292 732 1341 venit
750 1287 923 1341 obesus
943 1287 1004 1340 ab
1024 1289 1167 1341 undis
1190 1288 1463 1341 Visceribus
1488 1288 1656 1342 bonus
1668 1289 1735 1341 est
1750 1324 1765 1349 ‚
1818 1301 1974 1339 cetera
1998 1284 2100 1339 vile

218 1364 349 1434 sapit.
433 1365 606 1433 Atque
639 1362 756 1415 hinc
786 1361 1111 1431 explicandus
1137 1366 1205 1417 est
1229 1363 1369 1416 locus
1400 1359 1718 1416 >semermis
1752 1361 1814 1413 de
1840 1360 2103 1414 Alimento

221 1457 284 1491 ex
306 1437 621 1509 Aquatilibus
651 1456 692 1489 e.
723 1455 801 1501 14.
844 1435 928 1488 ubi
960 1437 1149 1490 scarum
1180 1441 1230 1490 in
1258 1437 1379 1491 cibo
1394 1437 1591 1490 laudans
1613 1436 1774 1497 addit,
1826 1454 1969 1497 eum,
2009 1437 2099 1506 qui

220 1531 392 1565 recens
430 1530 492 1564 ex
524 1529 740 1583 aequore
774 1526 953 1580 captus
973 1530 1065 1564 nec
1097 1515 1284 1564 vivario
1318 1527 1456 1564 antea
1480 1509 1623 1564 fuerit
1656 1509 1892 1571 inclusus,
1928 1509 2119 1562 multis*

216 1585 485 1640 visceribus.
503 1600 647 1657 atque
670 1587 907 1638 intestinis
921 1584 1112 1655 placere
1132 1589 1180 1638 in
1203 1585 1341 1639 cibo:
1396 1586 1620 1655 πολλδις·
1645 1579 1894 1665 ἐγχάτοις
1920 1582 2097 1641 gum-0-

213 1686 332 1734 μος,
374 1658 459 1712 ubi
495 1659 623 1711 male
662 1659 842 1713 Codex
880 1661 1137 1713 Voffianus
1178 1659 1324 1713 habet
1361 1660 1582 1728 πολλδις
1619 1666 1674 1718 ἐν
1711 1657 1910 1726 καλῶς,
1959 1655 2096 1728 quod

211 1737 347 1788 iensu
369 1748 511 1786 caret.
562 1730 783 1805 Kasarii
801 1732 955 1786 verfio
979 1751 1042 1786 ex
1061 1733 1157 1787 alio
1172 1735 1363 1788 Codice
1383 1752 1563 1802 graeco
1584 1731 1705 1786 faela
1725 1731 1898 1785 habet:
1934 1732 2102 1785 scarus

213 1827 387 1863 recens.
404 1821 573 1877 captus
595 1837 660 1846 —
697 1806 849 1860 multa
875 1806 1021 1860 habet
1042 1813 1293 1862 interiora

360 1878 608 1935 Albertus
632 1886 804 1933 XXIV.
836 1901 880 1952 p.
905 1899 1025 1947 245.
1050 1900 1089 1935 a.
1147 1887 1354 1935 Scaurus
1383 1883 1520 1953 piscis
1555 1879 1857 1934 deletflabilis
1874 1882 1966 1943 est,
2011 1882 2102 1952 quis

212 1955 341 2010 solus
372 1959 584 2008 ruminat
611 1958 738 2008 inter
766 1957 929 2025 pisces.
1025 1959 1173 2009 Hunc
1202 1958 1384 2028 piscem
1410 1957 1524 2009 dicit
1545 1956 1744 2028 quidam
1777 1974 1878 2009 non
1910 1953 2100 2007 multos}

211 2045 262 2084 et
282 2032 483 2083 serratos
505 2030 674 2082 dentes
702 2029 910 2092 habere,
949 2044 998 2083 et
1031 2031 1151 2086 ideo
1180 2035 1509 2085 ruminatione
1542 2030 1789 2098 indigere,
1827 2029 1940 2082 licet
1968 2029 2096 2082 haec

212 2123 316 2159 non
333 2103 388 2159 fit
410 2104 546 2155 causa
567 2107 922 2157 ruminationis.

361 2174 526 2232 Pavo.
569 2180 783 2246 Scriptor
794 2177 994 2245 gallicus
1008 2177 1070 2231 de
1092 2191 1259 2231 natura
1281 2196 1447 2231 rerum
1465 2176 1594 2248 apud
1612 2173 1674 2232 V
1671 2173 1937 2230 iwcentium
1949 2179 2092 2228 XVII.

210 2270 313 2322 cap.
337 2263 422 2313 78.
469 2256 622 2303 Pavus
641 2255 788 2304 marJ‘s
814 2251 970 2305 didius
992 2254 1060 2305 est
1077 2270 1100 2303 a
1120 2270 1312 2322 pavone
1331 2251 1560 2314 volucre,
1606 2242 1856 2323 quoniam*
1865 2255 1909 2303 ei
1928 2249 2095 2303 similis

210 2330 276 2381 est
301 2330 350 2379 in
371 2324 635 2379 coloribus.
681 2325 844 2379 Dorso
865 2329 997 2379 enim
1020 2340 1069 2378 et
1092 2325 1225 2380 collo
1244 2325 1400 2396 pidius
1425 2327 1492 2379 est
1517 2324 1686 2379 colore
1705 2325 1908 2378 diverso.
1948 2329 2092 2392 Qae

208 2404 408 2470 repetiit
424 2397 670 2453 Alhertus
693 2404 867 2453 XXIV.
895 2419 941 2470 p.
967 2418 1085 2465 244.
1106 2399 1152 2452 b.
1220 2397 1569 2469 Philostratus
1600 2399 1663 2452 de
1692 2403 1798 2452 Vita
1829 2397 2089 2468 Apollonii

207 2475 289 2528 lib.
301 2479 376 2526 ΙΙΙ.
414 2491 652 2543 pauone8‚
673 2476 845 2545 inquit,
868 2473 1025 2528 diclos
1037 2475 1186 2544 pisces
1197 2463 1370 2545 iffl'olo
1383 2473 1579 2527 Phafide
1593 2478 1732 2528 Ponti
1748 2477 1951 2526 flumine
1964 2474 2099 2526 nasci.

207 2547 482 2620 perhibent.
514 2552 765 2600 Vocantur
785 2561 950 2601 autem
969 2549 1152 2602 eodem
1173 2567 1276 2620 quo
1301 2567 1412 2601 aves
1435 2552 1663 2610 nomine,
1687 2552 1799 2621 quia
1816 2546 1922 2619 ipfis
1937 2551 2086 2600 etiam

207 2621 458 2677 caeruleae
477 2622 584 2674 sunt
603 2622 768 2674 cristae
782 2618 991 2698 (λόφω)
1013 2624 1238 2695 squamae
1261 2638 1426 2675 autem
1449 2621 1788 2684 verficolore83
1822 2617 2086 2698 (στικτοᾷ)

205 2697 359 2752 cauda
380 2714 500 2750 vero
522 2714 665 2749 aurea
689 2709 738 2749 et
765 2714 881 2748 cum
906 2696 1098 2750 libuerit
1117 2698 1228 2768 pisci
1239 2735 1258 2759 ,γ
1293 2698 1476 2749 sursum
1497 2696 1773 2750 reflec‘h'tur.
1849 2697 1943 2749 Sed
1962 2697 2085 2748 haec

203 2776 373 2827 omnia
392 2768 565 2824 fabulis
584 2773 818 2841 propiora
839 2771 959 2824 sunt.
1034 2767 1330 2840 Ambrofius
1344 2771 1532 2825 diverso
1552 2790 1702 2842 pavos
1719 2770 1854 2826 collo
1869 2786 1918 2825 et
1937 2770 2097 2824 dorso:

201 2845 362 2919 pidios
385 2844 553 2898 colore
574 2845 667 2898 effe
690 2849 766 2897 ait.
811 2883 814 2887 -
927 2848 929 2850 ’

353 2914 653 2988 Κόσσυῶος,
692 2937 754 2973 ex
776 2918 866 2971 alia
887 2917 1110 2973 Dialedio
1132 2914 1438 2994 Κόττυφος,
1469 2922 1616 2972 etiam
1635 2914 1895 2996 Κᾶψιχος,
1939 2917 2085 2971 latine
2128 2919 2209 2963 No·
2227 2931 2269 2976 72

198 2993 391 3049 Merula
419 2981 611 3045 dicit'ur.
695 2990 994 3063 Aristoteles
1025 2997 1143 3047 Hist.
1172 2994 1389 3047 Animal.
1409 2998 1522 3046 VIII.
1544 3012 1585 3045 c.
1617 3013 1693 3046 ις.
1734 2996 1959 3060 conjugia
1987 2990 2078 3044 fin-

194 3068 308 3138 gula
333 3066 632 3121 merularum
653 3082 700 3120 et
720 3068 983 3122 turdorum
1014 3083 1221 3130 coeunt,
1269 3083 1317 3121 et
1351 3072 1406 3127 in
1438 3067 1608 3119 hieme
1638 3071 1785 3118 etiam
1815 3081 1866 3119 ut
1900 3066 2076 3138 reliqui

192 3142 408 3200 saxatiles
433 3142 629 3199 condita
654 3141 816 3198 latent.
868 3147 986 3198 VIII.
1014 3162 1100 3210 30..
1122 3141 1346 3200 merulae
1375 3156 1422 3196 et
1452 3141 1580 3195 turdi
1610 3139 1834 3198 colorem
1855 3155 2072 3203 mutant,

1955 3233 2069 3269 vere
