2571 3775
186 502 346 539 mares
371 502 489 537 cum
508 479 740 536 foeminis
761 474 1006 529 versantur
1028 488 1271 529 autumno
1294 477 1455 530 coitus
1478 477 1634 541 caula,
1660 496 1775 533 vere
1796 492 1962 535 autem
1977 481 2081 537 dis·

185 559 341 628 junffi
371 558 578 611 subeunt
604 557 872 621 Euripum,
930 551 1093 604 donec
1129 564 1324 621 parturn
1352 558 1656 621 peregerint,
1704 572 1821 606 cum
1851 572 2076 626 tempore

186 639 352 688 coitus>
386 630 656 699 compluria
689 628 918 694 conjugia
951 622 1130 690 junfla=
1161 628 1431 694 capiuntur.
1455 655 1524 678 ·-÷-
1618 632 1694 680 Ex
1731 627 1941 699 piscibus
1979 630 2080 690 sola

187 711 410 783 squatina.
427 704 651 758 colorem
668 716 860 756 mutare
883 698 1049 771 polypi
1072 701 1216 754 instar
1236 700 1428 754 dicitur.

299 896 303 900 ,
330 857 394 906 Η.
416 854 480 906 Α.
501 856 620 906 VIII.
652 863 728 911 18.
762 846 972 903 Piscibus
1002 846 1195 919 pluviae
1225 861 1372 920 atque
1396 846 1582 903 imbres
1606 847 1921 912 conducunt,
1958 867 2080 920 pau-

185 933 253 983 cis
276 931 509 998 exceptis.
587 929 708 996 Cap.
741 945 819 993 19.
869 928 931 977 ita
962 927 1107 977 enim.
1126 942 1229 977 non
1263 923 1423 979 modo
1450 923 1560 994 plus
1593 924 1689 977 cibi
1717 926 2082 989 nanciscuntur,

181 1022 356 1057 verum
389 1006 538 1056 etiam
575 1004 786 1055 omnino
811 998 986 1069 pluviis
1014 1001 1266 1064 juvantur,
1315 1012 1523 1068 utquae
1553 1017 1617 1050 ex
1648 1013 1771 1051 terra
1804 1000 2077 1054 nascuntur.

179 1079 425 1131 Indicium
455 1075 534 1129 vel
567 1076 680 1129 inde
711 1078 820 1144 capi
850 1074 1034 1143 potest,
1067 1071 1207 1143 quod
1236 1070 1387 1141 pisces
1417 1070 1618 1140 plurimi
1640 1077 1855 1127 Pontum
1885 1088 2080 1142 petunt,

181 1167 237 1205 ut
268 1153 336 1205 ibi
367 1153 596 1205 aestatem
615 1148 886 1218 transigant.
961 1150 1093 1208 Facit
1131 1149 1265 1198 enim
1298 1148 1441 1215 copia
1469 1150 1693 1200 amnium
1716 1146 1814 1200 loci
1833 1146 1989 1210 illius,
2026 1162 2080 1201 ut

178 1231 316 1280 mare
345 1226 399 1280 fit
428 1224 645 1288 dulcius,
691 1238 739 1278 et
768 1222 906 1277 cibus
938 1221 1121 1289 largior
1153 1218 1413 1282 habeatur,
1461 1238 1613 1292 quem
1651 1222 1802 1275 iidem
1824 1224 1961 1284 fluvii
1993 1223 2081 1275 de-

178 1300 354 1355 ferunt.
431 1299 650 1353 Subeunt
680 1303 827 1352 etiam
856 1300 1040 1350 fluvios
1065 1312 1247 1363 genera
1280 1295 1485 1364 piscium
1516 1295 1797 1365 complura,
1838 1310 1888 1358 et
1910 1300 2078 1365 vigent

179 1380 230 1430 in
251 1379 446 1429 fluentis
468 1389 514 1427 et
536 1373 738 1427 lacubus
758 1387 811 1425 ut
831 1375 956 1424 amia
982 1385 1031 1423 et
1051 1369 1225 1436 mugil.
1303 1367 1566 1423 Gobiones
1588 1373 2080 1442 etiampinguescunt

178 1450 371 1520 (plures
390 1451 512 1511 sunt,
548 1449 726 1503 Codex
749 1447 1034 1514 Mediceus)
1064 1448 1114 1496 in
1135 1446 1314 1497 fluviis.
1389 1447 1620 1515 Denique
1641 1443 1750 1498 loca
1772 1446 1988 1515 praedita
2011 1445 2081 1498 la-

179 1525 344 1578 cubusv
366 1524 650 1578 commodis
670 1523 820 1593 pisces
846 1520 1090 1592 poffident
1114 1521 1349 1589 optimos.
1434 1523 1507 1570 Ex
1529 1517 1703 1588 pluviis
1723 1524 1862 1591 aquis
1882 1522 2080 1573 aestiva-

177 1598 246 1652 les
278 1598 487 1668 piscibus
514 1597 738 1669 plurimis
755 1600 911 1664 magis
933 1593 1249 1655 conducunt,
1289 1607 1338 1645 et
1357 1596 1617 1663 praecipue
1639 1612 1755 1645 cum
1779 1613 1892 1657 ver,
1925 1596 2079 1648 aestas

179 1688 228 1726 et
247 1689 512 1726 autumnus
534 1671 789 1725 umbribus
817 1669 1093 1730 abundant,
1131 1668 1290 1720 hiems
1314 1682 1484 1720 contra
1511 1668 1725 1722 serenior
1747 1665 1904 1720 fuerit.
1961 1674 2079 1721 Bre-

179 1752 302 1800 viter
323 1767 439 1800 cum
460 1746 586 1799 bene
607 1744 894 1799 homi-nibus
918 1762 1074 1795 annus
1107 1756 1156 1793 et
1184 1742 1416 1810 prospere
1449 1741 1602 1803 cedit,
1643 1756 1760 1794 tunc
1787 1757 1835 1795 et
1859 1742 2077 1812 piscibus

178 1822 306 1875 bene
327 1822 421 1875 effe
441 1820 573 1875 solet.
651 1823 800 1873 Locis
828 1832 995 1871 autem
1027 1814 1210 1884 frigidis
1239 1833 1414 1885 parum
1447 1819 1622 1883 vigent.
1699 1820 1922 1870 Maxime
1950 1817 2077 1869 infe-

178 1900 359 1951 stantur
386 1896 550 1948 hieme
584 1899 668 1967 qui
687 1894 901 1963 lapidem
930 1894 1161 1960 incapite
1185 1904 1386 1958 gerunt,
1428 1889 1577 1943 veluti
1602 1888 1793 1954 labrax,
1833 1891 2071 1954 chromiS,

176 1973 393 2034 sciaena,
424 1970 653 2040 phagrus.
727 1971 856 2021 Facit
877 1970 1011 2021 enim
1032 1964 1179 2036 lapiS,
1215 1977 1268 2016 ut
1298 1983 1384 2034 per
1408 1963 1626 2032 algorem
1660 1965 1882 2033 gelentur
1907 1981 1955 2019 et
1984 1985 2072 2018 ex-

179 2047 357 2099 cidant.
449 2047 634 2098 Contra
661 2042 842 2096 imbres
866 2040 1068 2108 mugili,
1107 2037 1312 2109 cephalo
1334 2053 1380 2092 et
1405 2042 1608 2105 myxoni
1630 2043 1766 2092 noxii
1784 2041 1918 2103 sunt,
1952 2059 2072 2095 cum

177 2125 316 2176 nimii
348 2123 608 2187 ingruunt,
649 2131 695 2171 et
723 2115 863 2170 facile
891 2134 978 2170 eos
1007 2129 1295 2168 excoecant.-
1374 2112 1507 2166 Solet
1536 2116 1669 2165 enim
1701 2114 1800 2167 hoc
1829 2118 2070 2185 capitoni-

177 2197 271 2249 bus
303 2198 458 2261 magis
483 2212 568 2264 per
589 2192 809 2244 hiemem
829 2189 1075 2244 accidere:
1118 2203 1237 2241 tunc
1259 2190 1392 2240 enim
1415 2187 1548 2241 oculi
1569 2186 1814 2241 albescunt
1843 2203 1892 2242 et
1915 2192 2073 2241 maci-

180 2272 295 2323 lenti
322 2267 405 2339 ipfi
437 2272 696 2337 capiuntur
726 2280 872 2327 tunc,
900 2279 1045 2335 atque
1069 2263 1130 2316 ad
1157 2263 1463 2332 postremum
1494 2266 1764 2324 intereunt3
1804 2264 1941 2335 quod
1966 2282 2073 2317 non.

177 2348 334 2413 magis
357 2342 592 2396 imbrium
616 2341 760 2394 ‘causa
790 2358 939 2413 quam
959 2337 1126 2406 algore
1145 2335 1367 2389 accidere
1392 2336 1594 2389 videtur.
1675 2340 1816 2409 Capti
1842 2341 1937 2401 iam
1961 2339 2072 2390 sunt.

176 2419 318 2473 multi
353 2437 469 2470 cum
502 2415 617 2469 alibi
650 2430 758 2468 tum
793 2419 920 2467 circa
958 2411 1219 2483 Naupliam
1251 2427 1406 2464 terrae
1436 2412 1654 2479 Argivae
1682 2416 1731 2465 in
1763 2412 1899 2466 vadis
1933 2415 2072 2465 caeci

177 2496 290 2565 post
314 2493 533 2545 hiemem
554 2491 890 2560 asperrimam3
930 2486 1073 2539 multi
1096 2490 1243 2539 etiam
1264 2484 1381 2538 albis
1402 2485 1574 2540 oculis.
1652 2489 1836 2540 Aurata
1868 2505 2072 2560 quoque

179 2570 349 2622 hieme
373 2564 582 2633 laborat,
617 2564 698 2616 sed
721 2563 948 2616 archanas
970 2560 1447 2629 (actharnas)aestate,
1482 2579 1644 2633 eoque
1669 2576 1896 2632 tempore
1918 2566 2072 2614 maci-

179 2644 339 2697 lentus
369 2642 436 2693 fit.
475 2669 539 2680 --
600 2642 751 2692 ‘Loca
786 2655 878 2708 pro
906 2637 986 2689 sua
1005 2649 1184 2688 natura
1217 2652 1395 2703 genera
1427 2653 1651 2707 quaeque
1682 2635 1767 2689 fibi
1795 2635 1978 2689 habent
2007 2635 2069 2689 ad

176 2719 551 2790 posperitatem
583 2713 943 2767 commodiora.
1037 2714 1181 2779 Qae
1216 2713 1359 2778 igitur
1390 2723 1556 2762 natura
1589 2709 1730 2763 litora
1762 2725 1842 2763 aut
1870 2710 2071 2781 pelagus

178 2806 369 2855 amant,
410 2790 461 2843 in
488 2787 746 2851 alterutrO,
791 2805 917 2860 quae
945 2800 1112 2839 autem
1142 2783 1425 2853 ambigunt,
1473 2788 1521 2836 in
1553 2786 2068 2857 utroquecommode

178 2869 378 2936 degunt.
469 2863 562 2917 Sed
595 2863 702 2915 sunt
736 2866 884 2915 etiam
915 2860 1023 2914 loca
1052 2860 1294 2932 quaedam
1323 2858 1517 2927 fingulis
1547 2864 1769 2929 propria,
1808 2864 1857 2912 in
1890 2858 2068 2931 quibus

179 2947 372 3011 vigent3
411 2937 519 2991 talia
539 2941 808 3005 generatim
836 2951 891 2989 ut
909 2936 1095 2997 dicam,
1127 2936 1233 2987 sunt
1253 2933 1371 3001 algis
1392 2933 1618 3005 sucisque
1635 2931 1802 3003 plena,
1832 2937 2066 3003 pinguio-

179 3016 256 3070 res
277 3019 410 3069 enim
431 3017 480 3065 in
501 3012 575 3065 his
593 3011 716 3065 locis
736 3016 1012 3082 capiuntur,
1043 3013 1127 3080 qui
1147 3011 1290 3062 variis
1314 3012 1363 3060 in
1387 3007 1508 3061 locis
1529 3006 1744 3077 pabulari
1764 3008 1876 3060 alias
1895 3007 2062 3060 solent.

177 3094 307 3145 Nam
336 3104 382 3143 et
414 3088 507 3157 ipsa
533 3086 637 3154 alga
671 3085 838 3140 cibum
865 3084 1065 3157 praebet
1094 3083 1351 3152 algivoris;
1389 3096 1437 3134 et
1457 3085 1700 3135 carnivori
1730 3080 2061 3151 copiofiorem

177 3165 245 3221 ibi
271 3164 506 3239 praedam
534 3160 725 3218 habent.
802 3162 1000 3220 Interest
1021 3164 1169 3234 etiarn
1189 3158 1297 3214 loca
1322 3156 1567 3245 aquilonia
1585 3155 1674 3214 sint
1697 3175 1756 3219 an
1782 3159 1943 3213 austro
1970 3157 2062 3285 ol}-

260 3255 263 3257 ’
1920 3252 2006 3287 ver
2029 3251 2055 3285 a
