2571 3775
408 391 412 392 ⁷
477 362 583 421 134,
1543 356 1596 387 ,t

469 488 674 541 nomine
695 478 1142 553 comprehendiffe3
1183 499 1247 534 ex
1276 498 1439 554 eoque
1471 498 1650 550 genere
1671 475 1743 536 bis
1765 483 1990 537 nominat
2009 481 2150 552 stylia
2167 491 2362 553 genere?

470 575 648 614 neu-tro
670 557 826 612 dictos
844 557 1096 618 mustelOS,
1128 555 1298 627 plurali
1322 574 1565 618 numero,
1609 575 1797 628 eosque
1818 556 1878 610 ab
1908 556 2008 611 aliis
2042 559 2348 614 hinnularios

469 634 714 704 (nebrias)
732 631 902 685 'didlos
934 630 1197 698 fignificat3
1252 628 1364 688 alibi
1392 647 1510 683 vero
1541 630 1725 699 scylion
1753 630 1974 702 fingulari
2004 652 2216 686 numero
2256 653 2363 687 no-·

470 713 651 770 minat,
692 706 777 759 ubi
817 705 998 759 Codex
1036 704 1292 757 Mediceus
1321 718 1368 756 et
1404 704 1739 764 *vetusoverfio
1766 704 1838 758 bis
1857 706 2077 773 scyllium
2101 708 2364 777 scriptum,

470 782 725 851 duplicatis
767 779 946 841 literis,
1000 776 1222 848 praefert.
1315 778 1565 843 Significat
1604 793 1768 831 autem
1809 779 2107 833 vocabulum
2145 781 2362 848 scyllion·

468 855 683 909 catulum
707 856 853 906 canis.
936 852 1129 904 Deinde
1143 850 1318 920 'galeos
1338 849 1497 904 laeves
1519 849 1703 923 ubique
1724 870 1934 907 numero
1952 853 2150 923 plurali,
2203 874 2348 909 acau-

467 930 619 982 thiam
648 929 727 981 seu
749 925 995 996 spinosum
1015 924 1266 993 singulari,
1303 925 1523 976 asteriam
1544 924 1693 978 semel
1714 925 1962 994 fingulari,
1982 927 2134 981 altero
2159 933 2207 981 in
2226 929 2346 984 loco

465 1003 635 1074 plurali
657 1010 866 1055 numero
889 1004 1110 1054 nominat
1125 1002 1345 1058 asteria33
1394 997 1475 1050 sed
1508 996 1585 1050 ibi
1600 999 1703 1057 duo
1725 1003 2107 1070 praestantiffimi
2127 1003 2344 1058 Codices

462 1077 686 1145 fingulari
711 1093 922 1128 numero
946 1071 1164 1127 asteriam
1186 1071 1492 1144 praeferunt3
1551 1072 1719 1143 vulpes
1747 1073 1918 1144 plurali
1942 1094 2152 1129 numero
2184 1081 2347 1130 nomi-

464 1154 549 1205 nat
595 1156 670 1203 VI.
706 1168 784 1203 10.
832 1148 915 1201 sed
943 1166 1047 1218 cap.
1078 1167 1153 1200 ιι.
1201 1166 1376 1201 omnes
1407 1146 1639 1200 mustelos
1660 1161 1707 1200 et
1744 1147 1860 1216 (illis
1894 1148 2100 1217 similes)
2132 1150 2345 1204 musteli-

465 1244 559 1279 nos
603 1223 753 1277 veluti
794 1222 994 1292 vulpem
1035 1236 1083 1276 et
1130 1239 1304 1277 canem
1355 1216 1542 1288 (κύων)
1583 1220 1806 1289 singulari
1837 1241 2049 1277 numero
2084 1228 2343 1278 mominat.

461 1298 687 1352 Dubium
720 1297 812 1350 effe
841 1298 1025 1367 potest,
1076 1315 1225 1359 num,
1281 1293 1364 1347 ubi
1395 1294 1569 1364 plurali
1604 1301 2050 1351 numero-nomina
2079 1299 2160 1350 ista
2191 1298 2342 1367 pofita

461 1373 689 1441 leguntur
703 1409 718 1433 ,
748 1366 913 1441 plures
936 1370 1159 1437 ejusdem
1177 1372 1454 1438 generisex
1476 1366 1655 1422 familia
1676 1370 2051 1424 mustelinorum
2073 1371 2344 1440 intelligere

461 1449 641 1517 species
667 1464 758 1498 nos
780 1441 941 1499 voluit
959 1443 1310 1514 philosophus3
1355 1461 1417 1495 an
1446 1457 1633 1496 temere
1655 1463 1920 1498 numerum
1948 1449 2166 1498 nominis
2190 1450 2343 1501 varia-

461 1525 543 1574 vit.
620 1525 790 1588 Qam
813 1521 1137 1589 posteriorem
1171 1522 1414 1571 rationem
1441 1516 1475 1572 fi
1504 1518 1781 1588 sequimur,
1827 1533 1933 1572 tum
1962 1519 2196 1573 mustelos
2226 1539 2343 1590 pro-

460 1599 565 1665 prie
596 1593 753 1647 distos
786 1596 1087 1663 reperiemus
1119 1592 1211 1646 effe
1238 1591 1425 1654 laeves,
1451 1606 1455 1609 ·
1490 1592 1732 1661 spinosos,
1775 1593 1972 1660 scyliOS,
2014 1593 2112 1647 alio
2139 1598 2345 1648 nomine

461 1667 763 1722 hinnularios
784 1686 809 1720 a
832 1671 1054 1737 corporis
1075 1666 1243 1722 colore
1263 1670 1398 1719 vario
1432 1664 1620 1729 dictos,
1657 1668 1847 1721 asterias
1878 1669 1960 1720 seu
1989 1667 2225 1729 stellatos;
2262 1668 2340 1723 his

461 1761 584 1796 vero
606 1741 808 1804 fimiles,
863 1742 1079 1814 ideoque
1107 1739 1389 1794 mustelinos
1412 1738 1601 1801 dfflos,
1653 1739 1822 1810 vulpes
1851 1755 1900 1793 et
1934 1760 2077 1794 canes
2106 1746 2341 1796 marinos.

460 1820 692 1888 Denique
729 1820 792 1868 H.
812 1816 876 1867 A.
904 1819 996 1883 IX.
1023 1833 1102 1879 37.
1149 1819 1197 1867 in
1228 1817 1413 1884 Euripo
1449 1813 1691 1880 Pyrrhaeo
1730 1831 1886 1884 prope
1927 1815 2146 1868 Lesbum
2178 1835 2342 1888 neque

461 1890 696 1944 mustelos
730 1888 950 1958 (galeos)
989 1908 1082 1942 nec
1126 1888 1369 1941 acanthias
1404 1891 1562 1957 rep-eri
1601 1887 1759 1940 scribit
1788 1889 1957 1957 plurali
1987 1908 2223 1954 numero,
2259 1890 2343 1944 ubi

463 1964 720 2032 galeorum
744 1982 806 2016 ex
826 1962 1053 2033 oppofito
1077 1963 1383 2031 spinosorum
1411 1965 1616 2014 nomine
1637 1961 1794 2014 laeves
1814 1962 1993 2030 ,galeos
2022 1963 2222 2031 intelligi
2249 1983 2340 2018 vo-

459 2038 594 2091 luisse
613 2037 819 2090 videtur.
895 2037 990 2089 Sed
1011 2034 1287 2090 Salvianus
1305 2055 1351 2105 p.
1383 2041 1495 2099 136.
1515 2037 1578 2086 Α.
1604 2053 1649 2087 2.
1701 2035 1932 2105 copulam
1964 2035 2057 2096 έὸὲ·
2079 2037 2340 2091 delendam

458 2112 553 2166 efl'e
577 2112 767 2173 censet,
812 2111 952 2181 quod
972 2111 1187 2180 spinaces
1210 2114 1261 2161 in
1289 2108 1612 2162 mustelorum
1633 2127 1813 2176 genere
1836 2109 1948 2172 fint,
2000 2110 2200 2165 austere
2234 2113 2338 2182 ipso

456 2182 759 2255 Aristotele,
825 2181 1070 2257 Oppiam
1097 2198 1146 2237 et
1173 2180 1446 2236 Athenaeo.
1542 2180 1836 2236 Atlzemeus
1869 2189 1968 2236 VII.
2002 2203 2049 2253 p.
2078 2203 2196 2251 294.
2253 2185 2337 2239 ubi

458 2260 782 2314 mustelorum
803 2262 1004 2310 nomina
1030 2276 1093 2309 ex
1107 2254 1378 2326 Aristotele
1397 2259 1628 2317 recenset,
1648 2286 1649 2289 =
1666 2257 2107 2325 ponitacanthiam,
2130 2259 2338 2321 laevem,

457 2339 671 2395 varium,
711 2329 999 2400 (ποικίλον)
1025 2330 1258 2391 catulum,
1295 2324 1544 2402 (σκύμνον
1568 2329 1704 2400 quod
1718 2330 1853 2383 idem
1872 2350 1988 2383 cum
2007 2331 2174 2398 scyllio
2193 2332 2335 2401 figni-

457 2409 599 2474 ficat)
644 2406 929 2475 vulpinum,
986 2405 1365 2470 (ἀλωπεκίαν)
1412 2417 1460 2455 et
1508 2404 1790 2473 squatinam.
1913 2405 2117 2458 Videtur
2186 2411 2335 2475 igitur

457 2476 775 2542 Atheuaeu5‚
814 2478 847 2532 fi
874 2478 1021 2531 libros
1052 2497 1183 2530 nunc
1217 2475 1490 2546 publicatos
1517 2477 1774 2547 excerpsit,
1813 2482 2001 2531 varium
2030 2499 2120 2550 pro
2153 2483 2337 2544 asteria,

457 2554 676 2609 catulum
695 2572 814 2607 vero
835 2571 926 2622 pro
947 2551 1108 2619 scyllio
1126 2550 1350 2622 posuisse,
1370 2564 1416 2602 et
1437 2550 1602 2618 galeos
1622 2550 1923 2606 hinnularios
1947 2553 2104 2608 dicotos
2129 2555 2334 2623 eosdem

458 2649 576 2682 eum
595 2627 763 2696 scylliis
784 2626 1083 2680 existimasse.
1159 2625 1347 2678 Verum
1368 2625 1504 2696 quod
1526 2624 1660 2676 addit
1679 2626 1950 2696 squatinam
1973 2628 2120 2695 galeis
2135 2665 2149 2692 ,
2187 2648 2333 2696 argu-

457 2718 629 2758 mento
651 2705 735 2764 est,
769 2719 884 2754 eum
906 2699 1026 2755 alios
1047 2698 1196 2752 libros
1219 2697 1495 2768 philosophi
1513 2712 1623 2751 ante
1649 2699 1824 2752 oculos
1841 2699 2084 2763 habuiffe,
2119 2705 2168 2754 in
2197 2702 2331 2757 libris

457 2782 591 2831 enim
612 2781 666 2829 iis
689 2779 773 2848 qui
791 2775 941 2828 hodie
974 2776 1158 2827 exstant
1187 2773 1400 2842 squatina
1429 2790 1545 2824 cum
1573 2771 1724 2842 planis
1759 2773 2077 2842 cartilagineis
2106 2776 2332 2845 piscibus,

457 2855 682 2921 nuspiam
701 2869 816 2902 cum
838 2846 1051 2901 mustelis
1077 2846 1376 2906 recensetum
1423 2860 1505 2897 aut
1537 2850 1658 2899 vitio
1679 2844 1854 2899 librarii
1876 2848 2144 2918 squatinam
2167 2855 2338 2904 nomi--

459 2930 560 2978 nari
583 2944 674 2994 pro
699 2939 844 2985 cane,
882 2936 1052 2992 utpote
1078 2938 1228 2992 quem
1247 2915 1528 2972 Atlzewaeus
1556 2918 1728 2973 omifit.
1805 2921 1964 2975 Video
1996 2937 2161 2976 tamen
2184 2929 2338 2979 etiami

458 2997 756 3069 Oppianum
778 3001 808 3048 Ι.
838 3015 859 3057 3
875 3008 955 3054 81.
988 2996 1255 3065 squatinam
1275 2991 1421 3060 galeis
1442 2993 1788 3054 adnumerare3
1826 2999 1909 3066 qui
1932 2995 2070 3050 locus
2091 3001 2189 3063 jam
2209 2997 2332 3052 olim

459 3071 794 3124 dodliffimum
821 3067 972 3124 Com.
993 3067 1267 3140 Gesneru-m.
1298 3067 1518 3119 offendit.
1603 3067 1847 3140 Atveditio
1880 3068 2122 3123 Athenaei
2150 3068 2331 3124 Aldina

460 3145 705 3216 squatinae
743 3148 1053 3203 mentionem
1096 3140 1240 3215 plane
1296 3144 1491 3195 omittit.
1574 3144 1824 3196 Praeterea
1881 3139 2172 3198 Athenaeus
2204 3147 2338 3214 apost

2152 3216 2339 3290 aliquot
