2571 3775
427 384 535 434 244

429 490 724 553 Athenaeus
746 493 844 544 Vn.
863 508 908 562 p.
931 507 1035 556 320
1065 488 1242 544 eadem
1262 491 1314 542 in
1335 485 2082 562 Oppian011.661.leguntur;
2123 505 2172 545 et
2190 492 2335 563 suspi-

434 573 536 623 cari
562 568 674 621 licet
696 563 996 639 Oppianum
1025 583 1085 617 ex
1105 561 1306 618 Seleuco
1338 564 1417 617 sua
1445 564 1645 618 duxiffe.
1738 566 1921 619 Nescio
1950 584 2010 618 an
2031 567 2166 620 idem
2194 569 2335 634 cujus

434 643 557 698 liber
578 640 912 713 philologicus
936 640 998 692 de
1016 637 1322 692 Hellenismo
1337 675 1353 701 ,
1391 652 1440 693 et
1462 637 1660 694 Gloffae
1683 638 1743 693 ab
1762 635 2013 694 Athenaeo
2043 640 2229 714 absque
2250 659 2337 713 pa-

437 722 557 773 triae
591 719 845 771 mentione
866 726 1220 767 memorantur.

592 806 850 871 Seleucu5‚
887 808 1168 860 Emesenus.
1248 804 1475 863 Verfibus
1505 807 1717 863 heroicis
1744 820 1956 879 quatuor
1983 809 2045 863 de
2068 810 2337 866 Piscatione

443 885 592 941 libros
625 882 894 937 condidiffe
926 882 1103 934 dicitur
1134 881 1264 953 apud
1288 877 1518 935 Suidam.

606 975 807 1034 Simeon
828 971 996 1038 Sethi,
1038 977 1415 1039 Antiochenus,
1466 976 1694 1029 medicus
1725 974 2024 1030 CPolitanus
2058 978 2236 1033 Seculo
2258 984 2339 1033 XI.

444 1053 601 1109 Libro
621 1053 682 1106 de
702 1051 969 1106 Alimentis
995 1055 1186 1105 notitias
1208 1053 1414 1122 piscium
1436 1050 1630 1105 aliunde
1653 1049 1821 1104 ducias
1843 1066 1891 1103 et
1910 1055 2113 1105 nomina
2136 1071 2340 1120 graeco-

448 1128 648 1183 barbara
669 1127 877 1185 inseruit,
953 1122 1174 1198 Psellum
1201 1130 1424 1198 inprimis
1448 1124 1716 1197 exscripsit,
1764 1139 2003 1179 monente
2022 1122 2227 1181 Freind
2251 1130 2342 1180 Hi·h

449 1206 598 1258 stoire
627 1203 689 1256 de
717 1202 760 1256 la
780 1201 961 1257 Medic,
999 1220 1044 1271 p.
1077 1219 1190 1262 105.

598 1295 652 1353 C.
676 1293 846 1352 Iulius
872 1292 1094 1350 Solinus.
1168 1295 1272 1349 Alii
1297 1295 1517 1364 Septimii
1543 1269 1733 1356 Severi,
1773 1293 1852 1346 alii
1878 1293 2185 1363 Heliogabali
2215 1308 2342 1348 tem-

451 1372 658 1445 poribus
677 1371 932 1444 aequalem
950 1368 1145 1423 faciunt.
1210 1375 1263 1422 In
1283 1368 1582 1435 Polyhistore
1602 1369 1688 1423 suo
1709 1387 1785 1422 res
1812 1368 2062 1423 mirabiles
2084 1370 2341 1437 congeffit,

453 1447 591 1502 nul-lo
613 1448 827 1514 judicio,
865 1444 1003 1498 Plinii
1025 1443 1158 1498 sunia
1193 1458 1243 1497 et
1264 1442 1466 1496 adulter.

608 1539 887 1614 Sostratus.
969 1544 1044 1592 Ex
1083 1539 1227 1602 huius
1267 1537 1393 1592 libro
1428 1537 1645 1593 secundo
1686 1537 1749 1591 de
1791 1535 2078 1591 animalibus
2113 1537 2344 1590 differen-

459 1621 577 1685 tiam
600 1615 877 1687 pelamidis,
902 1614 1164 1682 thynnidis,
1187 1613 1375 1680 thynni,
1400 1617 1569 1680 orcyni
1591 1627 1641 1665 et
1660 1615 1753 1665 ceti
1776 1613 1916 1664 tradit
1929 1607 2220 1665 Athenaeus
2240 1615 2346 1665 VII.

460 1710 505 1762 p.
533 1709 647 1754 303.
722 1690 948 1743 Eundem
975 1688 1136 1742 laudat
1166 1685 1403 1742 Aelianus
1422 1694 1480 1742 V.
1505 1706 1587 1751 27.
1618 1688 1679 1739 de
1708 1685 1827 1739 albis
1851 1685 2087 1752 Cyllenae
2119 1684 2345 1745 merulis3

462 1771 540 1818 Vl.
568 1786 588 1826 5
610 1787 647 1817 1.
671 1765 733 1818 de
754 1765 950 1834 dipsade
970 1765 1216 1833 serpente3
1258 1780 1408 1832 quem
1425 1763 1731 1830 postremum
1750 1759 1917 1812 locum
1938 1778 2000 1812 ex
2020 1758 2145 1812 libro
2166 1761 2347 1812 Sostra-

463 1843 500 1893 ti
529 1840 590 1892 de
619 1854 783 1892 natura
815 1837 1100 1891 animalium
1131 1835 1326 1888 laudare
1357 1835 1548 1887 videtur
1568 1832 1853 1887 Scholiastes
1874 1833 2107 1886 Nicandri
2135 1852 2181 1902 p.
2202 1852 2280 1895 37.
2302 1831 2348 1884 b.

464 1914 576 1967 edit.
603 1917 825 1967 Gorraei.
903 1916 1046 1979 Qiae
1073 1910 1135 1962 de
1166 1908 1260 1962 afili
1287 1912 1608 1977 generatione
1637 1926 1700 1960 ex
1737 1909 1945 1960 Sostrato
1976 1908 2170 1959 tradunt
2194 1905 2350 1959 Scho-

464 1986 526 2040 lia
567 1988 628 2040 ad
659 1983 914 2059 Apollonii
944 1986 1276 2052 Argonaut.1.
1307 1988 1457 2048 1269.
1507 1996 1555 2036 et
1590 1987 1663 2036 111.
1690 1988 1811 2044 276.
1846 1980 2077 2051 leguntur
2115 1985 2262 2035 etiam
2298 1983 2347 2033 in

463 2059 745 2133 Aristotelis
774 2062 893 2113 Hist.
913 2056 1127 2112 Animal.
1147 2065 1206 2112 V.
1235 2076 1253 2109 1
1266 2076 1313 2122 9.

614 2154 934 2229 Speuswpm.
974 2156 1132 2221 Hujus
1156 2151 1333 2205 librum
1357 2161 1547 2225 Ομωα,
1584 2155 1613 2203 i.
1637 2170 1677 2204 e.
1721 2150 1928 2215 Similia,
1965 2152 2105 2220 saepe
2137 2152 2188 2201 in
2220 2151 2347 2203 testi-

468 2235 695 2285 monium
719 2229 917 2282 adhibet
937 2225 1252 2292 Athenaeus,
1288 2225 1425 2279 nullo
1443 2229 1622 2295 patriae
1641 2230 1910 2296 aetatisque
1929 2226 2113 2277 indicio
2132 2223 2345 2292 prodito.

468 2310 541 2359 Ex
558 2306 681 2359 locis
703 2303 939 2358 omnibus
964 2308 1090 2355 inter
1118 2304 1164 2354 se
1187 2304 1482 2369 comparatis
1503 2314 1699 2369 apparet
1720 2298 2039 2369 Speusippum
2064 2316 2166 2351 non
2185 2296 2346 2351 solum

468 2382 673 2450 piscium
706 2380 786 2432 sed
822 2381 969 2430 etiam
998 2379 1188 2436 avium,
1251 2373 1552 2443 plantarum,
1606 2371 1931 2434 insediorum,
1984 2374 2347 2425 crustaceorum

469 2454 928 2523 molluscorumque
961 2449 1324 2502 similitudinem
1357 2462 1406 2500 et
1446 2447 1773 2499 differentiam
1813 2465 1876 2500 eo
1918 2442 2348 2499 voluminefuiffe

469 2527 818 2597 complexum,
851 2528 987 2586 cuius
1011 2523 1188 2576 librum
1209 2535 1437 2594 quartum
1457 2519 1634 2579 alieubi
1657 2520 1819 2573 laudat
1833 2516 2140 2574 Athenaeus.
2226 2524 2347 2588 Qio

473 2601 672 2656 consilio
691 2598 965 2653 traciaverit
984 2601 1404 2667 comparationem
1423 2598 1561 2648 istam
1583 2594 1866 2647 animalium
1880 2632 1893 2656 ,
1933 2595 2094 2647 dicere
2114 2613 2206 2647 nec
2227 2614 2348 2657 con-

471 2680 615 2744 jicere
635 2673 821 2734 habe03
858 2692 949 2725 nec
972 2676 1116 2740 igitur
1138 2669 1478 2723 aneioritatem
1500 2667 1719 2721 hominis
1743 2688 1805 2720 ex
1826 2668 2039 2740 reliquiis
2061 2684 2159 2720 tam
2183 2672 2348 2737 paucis

467 2765 526 2880 Ξ
539 2747 768 2876 brysipgs
800 2748 1004 2800 definire
1027 2745 1153 2799 licet.
1239 2742 1559 2814 Speufippum
1578 2742 1788 2797 Platonis
1810 2741 2100 2811 discipulum
2122 2745 2350 2817 nom-Qat

525 2831 603 2878 rte
641 2839 655 2875 ι
698 2827 710 2874 i
747 2839 813 2874 er.
1541 2827 1543 2829 ’

617 2911 836 2980 δίνιῖόο,
886 2914 1188 2984 Cappadox,
1244 2910 1584 2979 Philosophus,
1697 2914 1749 2961 In
1780 2908 2131 2978 Geographia,
2182 2911 2346 2964 Aerae

470 2993 769 3047 Christianae
801 3008 932 3042 anno
966 2987 1066 3041 fere
1108 3007 1184 3052 ις),
1205 2987 1405 3057 scripta,
1453 2983 1628 3036 multas
1663 3001 1843 3055 easque
1879 2986 2014 3053 saepe
2036 2988 2255 3050 egregias
2286 3003 2347 3036 ex

457 3064 821 3136 ,antiquioribus
843 3061 1180 3132 scriptoribus,
1201 3064 1319 3127 aevi
1341 3063 1560 3128 inprimis
1581 3056 2005 3121 Ptolemaeorum,
2055 3072 2102 3109 et
2128 3057 2348 3109 Alexan-

467 3139 542 3192 dri
560 3143 630 3197 M.
654 3137 920 3193 comitibus
936 3174 950 3201 ,
988 3135 1275 3189 animalium
1296 3136 1490 3188 notitias
1514 3129 1762 3201 excerpsit.

2066 3220 2164 3280 W
2158 3221 2349 3296 alffi-
