2571 3775
792 379 816 403 ι.
1035 369 1329 402 ====
2009 363 2120 426 '109

391 486 617 570 Τρίγλη,
683 479 879 563 ρι’γλοι,
912 477 1148 560 Τριγλὶς,
1178 479 1372 550 Trigla,
1393 480 1555 537 latinis
1575 482 1772 540 Mullus.
1821 485 2120 559 Aristoteles
2200 493 2244 536 P·
2263 502 2334 546 72·

239 566 303 620 H.
324 565 388 617 A.
413 570 469 617 V.
491 583 537 627 9.
580 558 717 626 trigla
745 557 953 626 piscium
982 558 1081 610 iola
1111 571 1186 609 ter
1213 561 1264 609 in
1300 575 1433 613 anno
1463 561 1611 628 parit,
1651 560 1789 631 quod
1816 578 2025 629 arguunt
2058 583 2123 618 ex⁴
2173 551 2256 596 No.
2293 560 2329 590 ¹⁹

239 657 331 701 eo,
357 637 493 709 quod
519 633 708 688 foetura
737 634 842 698 ejus
866 630 1046 684 alicubi
1076 646 1150 684 ter
1170 647 1381 701 apparet.
1467 633 1619 686 Unde
1645 632 1854 689 Plinius
1874 640 1953 687 IX.
1975 654 2017 687 c.
2039 655 2122 698 27.

238 711 381 769 mulli
402 712 594 781 pariunt
614 722 685 759 ter
704 723 862 767 ann03
898 705 973 760 his
995 720 1128 759 certe
1150 710 1296 760 toties
1315 705 1507 762 foetura
1529 723 1739 778 apparet.
1814 713 1947 763 Hinc
1978 710 2123 766 multi

238 799 461 840 veterum
481 782 774 851 scriptorum
795 799 979 834 nomen
1001 798 1235 849 graecum
1255 786 1502 851 originem
1522 783 1711 838 traxiffe
1731 788 1893 848 aiunt,
1927 803 1990 838 ex
2012 791 2122 862 τρῖ.

237 881 434 939 γογος,-
464 860 560 909 ᾖε.
601 870 675 908 ter
703 859 931 925 pariens,
987 854 1175 910 facium
1209 859 1345 910 enim
1376 857 1617 938 τρίγλος,
1655 859 1864 939 τρίγλη,
1976 864 2128 913 Hanc„

236 931 593 1000 etymologiam
610 931 752 983 affert
772 934 919 983 etiarn
947 927 1225 1003 Oppianus
1241 934 1274 983 Ι.
1301 951 1321 991 5
1333 951 1419 997 90.
1456 948 1600 1005 atque
1621 951 1684 985 ex
1710 951 1773 987 eo
1796 929 2045 988 Aelianus
2055 939 2119 987 X.

236 1024 342 1076 cap.
370 1024 417 1060 2.
440 1035 508 1047 --
591 1009 745 1058 Porro
774 1009 850 1056 VI.
885 1023 964 1067 17.
1011 1004 1149 1073 trigla
1179 1004 1493 1073 gregatilium
1523 1025 1640 1058 cum
1675 1012 1909 1061 coracino
1941 1007 2121 1062 ultima>

235 1098 405 1151 parere
433 1080 610 1133 dicitur
634 1079 794 1133 versus
816 1094 1126 1132 autumnum.
1201 1078 1387 1133 Mullus
1411 1084 1462 1132 in
1486 1086 1823 1152 coenoparit,
1862 1081 1992 1136 ideo,
2008 1084 2118 1135 sero

233 1159 382 1226 parit3
431 1155 612 1208 diutius
632 1157 782 1208 einim
801 1151 953 1222 frigus
987 1155 1270 1207 continetur
1290 1157 1345 1206 in¹
1362 1153 1498 1209 limo.
1559 1155 1644 1208 Ad
1672 1155 1933 1225 gregatiles
1964 1157 2122 1227 pisces.

234 1228 379 1283 refert
397 1233 546 1283 etiam
578 1234 640 1281 H.
662 1230 725 1281 A.
755 1232 837 1280 IX.
861 1245 906 1280 2.
945 1233 1071 1280 VIII.
1096 1244 1141 1280 2.
1174 1227 1467 1297 trigla...alga,
1509 1231 1680 1284 ostreis
1703 1244 1750 1283 et
1777 1249 1941 1285 coeno
1965 1231 2120 1301 pasci-
2157 1276 2160 1278 .

231 1321 336 1366 tur,
379 1303 460 1356 sed
491 1321 638 1357 carne
671 1306 820 1356 etiam
843 1302 1064 1355 vescitur.
1132 1296 1357 1356 >Albani
1387 1301 1541 1358 verfio
1570 1308 1725 1374 priori
1754 1304 1872 1360 loco
1908 1302 2118 1377 twyda,

230 1381 490 1449 posteriori
509 1375 728 1450 tharyca
757 1380 997 1430 nominat.
1076 1377 1261 1430 Contra
1282 1374 1579 1448 Aristoteles
1601 1378 1683 1432 IX.
1711 1399 1791 1444 37.
1869 1378 2117 1435 Oberrant

232 1458 453 1507 maxime
483 1455 533 1504 in
561 1455 710 1514 mari,
745 1469 1070 1525 quaecunque
1101 1469 1246 1505 carne
1278 1452 1536 1507 vescuntur
1566 1470 1759 1521 genera.
1844 1457 2121 1509 Carnivora}

230 1541 398 1581 autem
420 1529 528 1580 sunt
547 1524 645 1580 fere
675 1530 844 1580 omnia
873 1544 1051 1594 genera
1083 1540 1272 1595 praeter
1305 1544 1488 1596 pauca,
1535 1527 1687 1581 veluti
1720 1528 1990 1596 mugilem,
2027 1528 2121 1582 sal-1

230 1618 345 1672 pam
361 1639 375 1665 ,
414 1601 604 1669 triglam
626 1615 674 1654 et
695 1600 982 1653 chalcidem.
1063 1604 1159 1653 Hic
1184 1600 1267 1655 etfi
1288 1602 1386 1671 ipse
1406 1601 1490 1656 fibi
1508 1600 1715 1675 obloqui
1736 1603 1926 1656 videtur
1948 1603 2117 1656 Philo-

229 1676 438 1747 sophus,
475 1674 596 1728 salva
618 1689 782 1728 tamen
802 1694 878 1729 res
897 1676 980 1728 est.
1007 1718 1009 1720 .
1050 1674 1340 1729 Particulam
1364 1679 1499 1729 enim
1521 1676 1677 1730 illam:
1715 1675 1994 1732 carnivora
2018 1694 2113 1731 σηι-

226 1758 324 1806 tem
332 1750 586 1823 sumsere
607 1747 776 1803 omnia
786 1767 805 1803 .·
855 1749 1034 1804 Codex
1058 1749 1318 1803 Mediceus
1342 1754 1555 1813 omittit,
1590 1766 1736 1825 atque
1757 1756 1907 1805 etiam
1922 1750 2116 1821 Gaza,-

228 1843 290 1879 an
310 1840 449 1879 vetus
470 1826 705 1891 anonymi
724 1837 773 1877 et
791 1820 1113 1880 Scotiverfio
1139 1823 1387 1888 habeant,
1431 1840 1666 1880 annotare
1697 1830 1885 1881 omiffit
1912 1824 2121 1881 Coimus..

228 1903 378 1968 Igitur
400 1898 724 1969 Philosophus
753 1917 856 1953 non
881 1898 1038 1952 voluit
1066 1896 1332 1969 praefradl‘e
1356 1918 1534 1968 negare
1565 1901 1759 1970 triglam
1790 1921 1935 1956 carne
1963 1902 2114 1964 vesci,

227 1974 309 2028 sed
329 1993 446 2028 cum
470 1972 538 2038 illi
555 1976 783 2026 »maxime
801 1974 954 2043 pisces
974 1972 1161 2045 ubique
1190 1972 1422 2027 oberrent
1457 1993 1545 2044 per
1575 1994 1740 2039 mare,
1775 1996 1866 2030 nec
1894 1995 1997 2029 uno
2027 1975 2113 2028 ali-

227 2065 333 2121 quo
358 2052 408 2101 in
427 2047 544 2102 loco
566 2046 842 2109 confistant,
887 2051 976 2119 qui
1008 2047 1105 2101 sola
1136 2065 1281 2101 carne
1309 2049 1594 2113 vescuntur,
1635 2065 1780 2119 negat
1811 2065 1978 2103 tamen
2009 2050 2114 2104 hoc

229 2124 292 2177 de
320 2125 585 2176 carnivoris
613 2120 723 2174 solis
753 2120 941 2183 valere,
999 2139 1156 2194 aeque
1184 2126 1318 2175 enim
1347 2122 1575 2177 oberrare
1601 2124 1873 2194 mugilem,
1913 2124 2119 2195 salpam,

227 2198 421 2266 triglam
441 2210 489 2250 et
509 2195 801 2257 chalcidem,
842 2194 925 2250 etfi
944 2194 1040 2249 sola
1064 2214 1208 2248 carne
1230 2215 1334 2250 non
1355 2198 1631 2261 vescuntur,
1664 2200 1744 2252 sed
1767 2214 1818 2252 ut
1838 2198 2112 2270 plurimum

228 2271 394 2326 herbis
415 2285 496 2324 aut
515 2269 620 2323 luto
640 2270 912 2340 pascuntur.
989 2274 1045 2322 II.
1076 2289 1157 2333 17.
1192 2269 1330 2338 trigla
1358 2271 1538 2326 multas
1576 2276 1782 2327 intestini
1815 2274 2136 2345 appendices-

229 2351 355 2401 circa
375 2346 602 2417 pylorum
621 2343 781 2397 habet.
856 2342 985 2398 V111.'
1014 2364 1031 2396 1
1048 2362 1092 2407 3.
1124 2343 1262 2398 litora
1282 2342 1555 2417 frequentat
1576 2362 1624 2405 et
1652 2353 1700 2400 in
1732 2353 1932 2402 marinis
1957 2353 2107 2402 etiam

228 2423 405 2489 stagnis
425 2420 646 2473 nascitur.
721 2413 1016 2472 ‘Athenaeus
1037 2422 1139 2472 VII.
1160 2437 1206 2489 p.
1237 2436 1351 2486 324.
1392 2419 1476 2473 ubi
1498 2420 1666 2476 locum
1686 2419 2047 2493 AristotelisV.
2062 2443 2110 2489 9.

228 2496 417 2557 laudat,
445 2494 605 2555 addit,
645 2490 775 2563 quafi
800 2511 861 2545 ex
885 2492 1069 2546 eodem
1093 2491 1296 2547 audiore
1318 2494 1508 2562 triglam
1528 2497 1713 2551 serratis
1728 2497 1986 2559 dentibus,
2007 2516 2113 2550 car-

227 2575 452 2625 nivoram
464 2566 768 2637 gregatilem,
792 2581 841 2620 et
860 2585 946 2637 per
961 2581 1121 2621 totum
1134 2586 1313 2638 corpus
1334 2583 1502 2638 putam
1514 2570 1629 2624 effe..
1658 2566 2110 2642 (mauro‘qrcmov).

225 2644 330 2699 Ubi
365 2661 490 2698 vero
519 2646 716 2695 tertium
744 2645 1012 2712 pepererit,
1053 2641 1263 2695 sterilem
1297 2643 1418 2696 fieri.
1474 2645 1693 2700 Partibus
1725 2651 1857 2699 enim
1884 2647 2110 2716 genitali-

222 2721 343 2783 bus,
380 2720 464 2772 seu
483 2715 654 2771 vulvae
676 2716 858 2768 innasci
878 2715 1204 2780 vermicuIOS,
1240 2721 1323 2789 qui
1334 2718 1705 2775 ,subnascentem
1730 2719 1973 2775 foeturam
1993 2741 2109 2776 exe-

225 2795 354 2848 dant.
429 2798 615 2845 Verum
638 2788 1199 2861 postremaAm'stooeeles
1219 2794 1268 2843 in
1289 2794 1425 2845 HA.
1467 2798 1542 2846 VI.
1571 2815 1648 2860 17.
1675 2815 1775 2850 non
1796 2800 2023 2867 privatim
2046 2798 2110 2850 de

225 2867 411 2929 mullo,
444 2866 526 2919 sed
550 2866 610 2919 de
631 2880 739 2919 toto
760 2883 940 2934 genere
960 2865 1120 2918 tradit.
1187 2869 1383 2929 Exitus,
1429 2870 1612 2939 inquit,
1660 2871 1878 2940 pariendi
1903 2869 2108 2940 piscium

225 2939 567 3012 compluribus
590 2938 698 3003 est,
717 2938 805 2992 ubi
837 2938 1090 2993 vermiculi
1119 2943 1217 2993 nati
1243 2945 1294 2993 in
1324 2956 1492 2994 ventre
1521 2941 1715 2997 fuerint.
1791 2945 2127 2999 Innascuntur‘

227 3022 358 3072 enim
378 3019 566 3068 minuta
589 3014 830 3088 quaedam
862 3013 1084 3067 animalia
1114 3017 1359 3079 -viventia,
1405 3013 1520 3092 (m)
1539 3015 1802 3096 ἔμψυχα)
1841 3037 1967 3090 quae
1994 3039 2106 3090 par-

221 3107 331 3146 tum
351 3089 614 3161 expellunt.
676 3094 868 3142 Vocem
901 3107 1128 3157 graecam
1164 3107 1313 3161 quam
1344 3093 1541 3160 apposui
1576 3090 1733 3146 Gaza
1767 3097 2128 3163 interpretatur.

219 3161 479 3223 vermiculi
510 3165 708 3237 species.
791 3159 989 3220 alberti
1024 3181 1144 3220 vero
1185 3161 1339 3218 versio
1359 3163 1551 3228 uhabet:
1621 3180 1818 3223 <vermes
1847 3166 1982 3221 alati.
2013 3185 2109 3247 qui

765 3274 767 3277 v
966 3268 971 3272 ¹
1087 3290 1095 3314 7.
1143 3294 1148 3296 .
1195 3239 1246 3294 O
1287 3255 1314 3309 3
1843 3241 2104 3326 destruunt
