2571 3775
2002 312 2107 362 153.

219 426 405 497 gestant
426 420 591 479 foetus
621 416 813 475 infantia
839 415 1087 468 infirmos,
1200 413 1276 467 At
1297 411 1586 485 Aristoteles
1614 420 1740 475 intus
1770 421 2005 493 suscipere
2035 429 2100 479 ait

217 499 380 572 pullos
400 489 625 556 teneros}
671 508 718 545 et
747 486 956 544 Solinus
975 493 1024 541 in
1045 483 1223 562 Plinio
1245 488 1409 561 legiffe
1432 492 1626 544 videtur
1651 510 1738 547 ore
1752 496 1980 564 gestam&
2027 490 2108 555 ait*

217 580 374 629 enim:
404 565 622 634 teneras.
634 571 683 619 in
710 562 930 617 faucibus
957 575 1218 632 receptant.
1294 567 1449 617 Porro
1475 562 1712 619 Plinius:
1745 572 1917 622 vivunt
1946 588 1994 625 et
2014 579 2095 627 tri-

217 652 352 702 cenis
394 647 534 698 annis
558 670 623 682 —-·
678 638 834 692 solent
869 641 920 690 in
955 650 1136 702 terram
1179 646 1437 707 erumpere
1467 643 1648 693 incerta
1688 641 1749 693 de
1782 644 1943 704 causzu
2002 638 2106 700 nec

215 710 372 788 statim
409 711 578 770 tellure
625 711 747 767 tei-sta
785 715 1093 773 moriuntur,
1151 708 1412 784 multoque
1470 710 1622 780 ocyus
1665 714 1818 768 fistula
1854 716 2093 773 obturata.

214 801 404 862 Lingua
436 792 504 844 est
536 789 611 842 his
638 801 810 841 contra
827 799 1052 839 naturam
1072 783 1359 856 aquatilium
1381 786 1597 851 mobilis,
1630 788 1789 843 brevis
1820 801 1968 863 'atque
1997 792 2091 847 lata

212 868 345 933 haud
365 867 595 919 differens
616 861 794 915 suillae.
908 864 1003 913 Pro
1032 878 1161 914 voce
1183 864 1392 927 gemitus
1416 861 1639 916 humano
1666 862 1854 927 fimiliS,
1889 866 2091 922 dorsum·

211 942 514 1014 repandum,
531 939 756 1004 ‘rostrum
777 935 968 989 fimum.
1079 938 1192 1002 Qua
1218 934 1279 987 de
1308 936 1445 987 causa
1475 934 1676 991 simonis
1706 957 1893 991 nomen
1912 935 2103 996 omnes

212 1022 344 1077 miro
365 1014 522 1068 modo
545 1012 828 1080 agnoscunt.
923 1013 1003 1061 De
1035 1007 1199 1076 lingua
1234 1007 1428 1062 aliunde
1463 1011 1706 1082 quaedam
1739 1012 1948 1075 addidit3
2006 1016 2088 1072 etfi

210 1111 330 1145 vero
352 1108 410 1142 ea
433 1086 630 1141 mobilis
654 1083 786 1137 redte
807 1083 907 1135 dici
925 1083 1108 1152 potest,
1146 1079 1362 1135 absoluta
1386 1081 1680 1139 tamennon
1700 1088 1787 1149 est,
1822 1087 1904 1139 ted
1928 1108 2088 1143 mem-¹

207 1166 357 1223 brana
402 1178 627 1216 connexa
663 1159 723 1211 ad
771 1160 1047 1225 marginem
1083 1154 1394 1209 maxillarum
1433 1155 1628 1221 haeret,
1665 1173 1723 1212 ut
1765 1158 1897 1213 redte
1935 1167 2084 1216 etiam

206 1233 506 1310 Aristoteles
551 1234 838 1307 observavit.
947 1230 1085 1283 Idem
1124 1227 1334 1284 Plinius
1356 1236 1436 1284 IX.
1474 1250 1577 1303 cap.
1614 1253 1693 1295 50.
1734 1235 1890 1304 pisces
1921 1242 2084 1302 attritu

205 1311 454 1378 ventrium
479 1321 690 1370 coeunt,
725 1320 852 1360 tanta
875 1303 1147 1367 celeritate,
1186 1317 1240 1357 ut
1264 1306 1420 1357 visum
1446 1303 1633 1368 fallant,
1678 1307 1898 1380 delphini
1929 1325 1979 1364 et
2011 1303 2087 1366 ress

206 1389 335 1461 liqna
369 1399 476 1439 cete
502 1382 642 1438 fimili
671 1381 830 1454 modo
862 1394 910 1431 et
941 1377 1087 1453 paulo
1122 1379 1319 1432 diutius.
1414 1383 1554 1434 Haec
1588 1382 1764 1436 eadem
1793 1384 1936 1437 tradit
1964 1384 2087 1440 Ari-

194 1459 394 1534 stoteles
422 1464 485 1512 H.
514 1460 578 1511 A.
611 1461 668 1510 V.
707 1474 749 1519 5.
818 1459 1056 1506 Humano
1086 1472 1228 1507 more
1247 1457 1392 1507 *coire
1432 1453 1692 1525 delphinos
1724 1471 1773 1511 et
1813 1456 1966 1515 fimile
2004 1461 2087 1525 sed

207 1534 556 1592 absconditum
576 1535 707 1586 intus
727 1546 898 1599 gerere
919 1526 1207 1582 membrum
1228 1531 1356 1581 canit
1382 1525 1661 1602 Oppianus
1687 1535 1721 1585 1.
1751 1543 1870 1597 580.
2079 1532 2082 1534 ’

206 1735 210 1736 ⁷
349 1681 556 1740 Fistulae
588 1678 731 1735 fitum
758 1696 821 1732 ex
847 1676 966 1732 loco
997 1672 1281 1747 Aristotelis
1296 1677 1433 1731 HA.
1455 1681 1485 1732 Ι.
1518 1696 1560 1742 ς.
1591 1682 1782 1751 repetiit
1793 1699 1808 1742 3
1839 1678 1962 1734 haec
1987 1680 2092 1739 duo

203 1777 410 1831 genera,
447 1759 631 1828 inquit,
669 1752 917 1823 (delphini
948 1767 998 1805 et
1030 1750 1256 1818 balaena>
1278 1752 1456 1818 ,fistulis
1489 1754 1690 1823 spirant,
1729 1774 1854 1828 quae
1890 1756 1951 1809 ad
1980 1758 2091 1828 pul..

202 1852 383 1900 mones
406 1835 678 1903 pertinent,
713 1826 927 1880 balaenis
950 1844 976 1879 a
998 1823 1179 1888 fronte,
1221 1819 1468 1896 delphinis
1487 1846 1513 1881 a
1532 1829 1692 1883 dorso.
1729 1848 1831 1900 cap.
1854 1849 1902 1894 7.
1942 1846 2090 1905 atque

198 1913 408 1964 iterum:
445 1923 532 1959 ora
557 1902 788 1976 balaenae
809 1899 990 1955 habent
1010 1901 1061 1952 in
1090 1897 1333 1954 frontibus
1349 1910 1376 1962 ,¹
1410 1902 1623 1975 ideoque
1646 1905 1835 1957 summa
1857 1923 1982 1977 aqua
2002 1926 2086 1960 na-

199 1998 357 2038 tantes
382 1985 432 2035 in
463 1977 669 2033 sublime
703 1974 900 2030 nimbos
932 1975 1112 2028 efflant.
1226 1974 1404 2028 Omisit
1429 1979 1575 2044 igitur
1603 1996 1731 2049 quae
1760 1978 2084 2049 philosophus

200 2057 381 2112 deinde
411 2052 587 2108 redlius
609 2051 889 2118 investigata
910 2047 1192 2110 tradiderat,
1234 2048 1443 2102 fistulam
1469 2053 1521 2104 in
1554 2051 1785 2104 omnibus
1818 2052 1954 2106 fitam
1986 2055 2083 2111 effe

200 2146 313 2186 ante
334 2128 605 2183 cerebrum.
681 2130 813 2191 Ergo
838 2143 940 2177 non
966 2126 1127 2192 potuit
1157 2125 1210 2174 in
1236 2122 1381 2176 dorso
1410 2122 1486 2176 vel
1516 2127 1641 2177 inter
1670 2125 1871 2180 dorsum
1897 2127 2080 2183 habere

200 2206 401 2269 locum,
440 2200 575 2256 nififi
596 2217 671 2252 res
696 2198 794 2252 sola
826 2198 985 2267 specie
1015 2210 1215 2249 externa
1245 2197 1504 2264 judicatur.
1580 2199 1749 2253 Nihilo
1780 2215 1945 2255 tamen
1984 2210 2079 2258 mi-

198 2298 292 2335 nus
323 2273 514 2341 Artedi
554 2287 602 2328 et
631 2272 795 2340 longo
835 2273 943 2341 post
977 2284 1203 2340 tempore
1238 2270 1430 2324 secutus
1469 2269 1725 2327 Litznaeus
1760 2289 2077 2333 cetaceorum

197 2357 406 2427 piscium
429 2348 608 2403 fistulas
631 2346 790 2400 modo
811 2348 861 2398 in
884 2348 1070 2398 cervice
1089 2381 1103 2405 ,
1139 2342 1252 2397 alias
1283 2348 1333 2397 in
1364 2345 1535 2399 medio
1565 2351 1748 2417 capite,
1799 2348 1912 2402 alias
1941 2352 2078 2406 deni..

199 2448 298 2504 que
318 2431 370 2480 in
392 2424 555 2496 fronte
574 2420 905 2481 collocarunt3
950 2422 1116 2488 inepte
1136 2416 1344 2491 ubique!
1412 2420 1561 2473 Vides
1583 2425 1730 2489 igitur
1753 2439 1937 2494 quanto
1957 2424 2078 2480 Ari..

190 2499 389 2576 stotelz‘s
408 2499 656 2566 diligentia
666 2496 950 2548 secutorum
964 2492 1241 2546 seculorum
1264 2491 1536 2547 multorum
1549 2498 1743 2564 ingenia
1757 2498 2082 2568 superaverit!

202 2580 432 2647 Denique
457 2568 596 2627 Pliiz.
616 2575 696 2622 XL
721 2588 823 2638 cap.
842 2586 926 2631 49.
964 2565 1198 2637 delphino
1227 2566 1521 2639 praelongos
1549 2572 1689 2624 testes
1723 2570 1893 2626 ultima
1927 2575 2075 2629 condi

202 2653 314 2707 alvo
346 2647 513 2708 refert3
559 2644 641 2698 sed
661 2641 1023 2710 longitudinem
1046 2645 1210 2711 penis,
1260 2640 1429 2694 nullibi
1458 2645 1649 2696 testium
1680 2651 1928 2701 annotavit
1957 2647 2076 2703 Ari..

187 2723 401 2800 floteles.
477 2727 622 2775 Duos
654 2715 889 2788 delphino
929 2713 1089 2786 pullos
1129 2714 1394 2768 attribuunt
1432 2713 1710 2789 Oppianus
1750 2727 1806 2774 V.
1852 2731 1970 2781 526.
2026 2736 2076 2776 et

192 2791 267 2865 „ex
290 2820 354 2854 eo
382 2793 630 2852 Aelianus
653 2798 685 2844 1.
717 2803 792 2850 18.
833 2789 917 2843 ubi
949 2803 1202 2860 capturam
1232 2808 1405 2843 eorum
1437 2790 1713 2847 describunt
1742 2813 1767 2848 a
1789 2795 2073 2851 Thracibus

200 2891 251 2938 et
277 2875 513 2940 Byzantiis
548 2865 727 2922 fac‘la‘m
758 2864 994 2925 tridente,
1046 2862 1202 2932 longo
1241 2861 1465 2918 funiculo
1497 2865 1816 2931 adhaerente,
1876 2870 2073 2942 qualem

199 2951 352 3005 nostri
372 2950 642 2999 etiamnum
660 2941 918 3011 piscatores
938 2942 986 2991 in
1007 2935 1320 2991 balaenarum
1344 2938 1788 3013 delphinorumque
1812 2946 2074 2998 venariooe

199 3022 448 3081 adhibent.
521 3022 601 3069 De
638 3014 810 3068 ordine
842 3012 1046 3067 inceffus
1080 3026 1292 3065 matrum
1330 3027 1377 3065 et
1405 3013 1656 3081 pullorum
1693 3016 1845 3068 iidem
1880 3018 2076 3072 tradunt

194 3105 229 3153 1.
251 3104 373 3154 660,
411 3088 649 3150 Aelianus
670 3092 731 3167 X.
753 3100 806 3166 ⁴8·
890 3086 1047 3158 ond
1075 3082 1372 3212 Arislijneles
1392 3091 1474 3141 IX.
1499 3100 1586 3153 48.
1624 3089 1775 3145 semel
1810 3090 2076 3166 aliquando

2027 3185 2081 3222 m
