2571 3775
512 343 617 414 1‘44
1302 347 1594 380 “““·“·“··“’”

505 495 650 539 ονετε,
684 473 859 538 boveS‚
875 471 1061 528 batides
1083 486 1130 528 et
1152 475 1322 544 pigros
1348 470 1504 528 afinos
1518 470 1812 544 apprehensa
1834 472 2090 530 mordicus
2113 474 2218 530 esca
2238 474 2393 533 hamo

503 551 657 603 indita
677 552 809 622 sequi
827 549 988 611 nolle,
1025 563 1072 601 et
1095 547 1178 601 lati
1207 551 1430 618 corporis
1463 547 1598 602 mole
1628 548 1691 600 ad
1720 567 1885 603 arenas
1922 547 2185 604 confertim
2212 551 2392 605 adhae-

503 639 665 678 rentes
699 623 1000 678 trahentibus
1028 625 1175 676 reniti
1200 637 1251 674 et
1277 622 1343 677 fic
1375 621 1501 674 elabi
1527 626 1603 675 ait.
1680 620 1958 696 Oppianus
1979 629 2031 676 ΙΙ.
2062 643 2178 687 141.
2208 623 2392 680 bovem

483 701 683 769 —piscem
704 698 984 752 latissimum
1004 700 1252 757 omnium,
1279 694 1498 749 incolam
1517 700 1682 758 coeni,
1709 715 1960 760 voracem,
1990 699 2129 770 saepe
2153 700 2214 751 ad
2233 700 2393 753 unde-
2432 745 2449 760 ,,

503 778 601 826 cim
634 786 681 825 et
707 772 978 826 duodecim
1008 769 1290 823 cubitorum
1321 768 1629 823 latitudinem
1658 772 1934 824 excrescere
1965 777 2054 836 ait,
2101 774 2183 827 sed
2205 772 2390 826 viribus

505 844 783 909 imbellem,
821 864 1029 914 corpore
1055 841 1222 906 molli,
1265 842 1493 895 dentibus
1511 843 1760 908 obscuris,
1800 849 2015 914 exiguis,
2053 849 2259 906 infirmis
2279 847 2390 900 esse.

499 923 649 973 Hunc
673 939 775 973 non
804 924 855 973 ⁴vi
883 919 964 971 sed
986 918 1106 972 dolo
1135 918 1394 987 piscatores
1424 920 1733 979 interimere3
1772 935 2000 989 appetere
2023 925 2156 974 enim
2188 925 2239 975 in
2269 921 2389 986 cibo

500 1013 700 1047 carnem
719 993 1001 1047 humanam.
1078 998 1245 1064 Itaque
1278 991 1311 1047 fi
1344 1009 1495 1062 quem
1522 995 1801 1045 urinantem
1827 995 2162 1064 conspexerit,
2194 995 2388 1049 -adnans

499 1071 552 1120 in
584 1067 737 1120 altum
764 1069 810 1121 se
840 1066 1038 1130 attollit,
1078 1081 1126 1119 et
1153 1070 1431 1119 incurvatus
1464 1065 1668 1136 desuper
1693 1067 1743 1119 st:
1773 1070 1927 1135 injicit
1959 1087 2015 1120 ac
2046 1069 2133 1122 suo
2164 1069 2390 1137 pondere.

498 1149 548 1195 et
580 1161 788 1213 corpore
812 1157 921 1195 toto
943 1141 1232 1210 complexus
1260 1140 1492 1210 deprimit
1511 1154 1559 1193 et
1580 1159 1832 1209 emergere
1853 1141 2113 1195 hominem
2146 1156 2195 1194 et
2209 1143 2389 1212 'spirare

499 1216 742 1287 prohibet.
818 1212 1066 1269 Aelianus
1084 1216 1137 1266 1?
1155 1234 1233 1280 19.
1272 1233 1334 1267 ex
1372 1214 1555 1267 eodem
1591 1234 1707 1267 cum
1744 1213 1990 1287 Oppia-110
2022 1214 2160 1270 fonte
2190 1215 2391 1270 haufiffc

496 1291 686 1344 videtur
708 1291 815 1353 sua,
852 1290 934 1342 sed
955 1288 1200 1359 copiofior
1221 1287 1370 1359 paulo
1393 1291 1474 1341 est.
1551 1292 1646 1341 Bos
1668 1292 1910 1353 marinus,
1939 1293 2114 1362 inquit,
2151 1294 2203 1343 in
2222 1309 2389 1344 coeno

495 1366 701 1417 nascitur
734 1379 783 1416 et
829 1382 891 1417 ex
922 1382 1099 1432 magna
1137 1362 1370 1416 brevitate
1411 1361 1573 1415 foetus
1610 1366 1660 1414 in
1697 1367 1951 1431 ingentem
1989 1365 2386 1433 magnitudinem

494 1439 743 1492 excrescit.
793 1437 891 1490 Sub
911 1452 1078 1490 ventre
1102 1437 1266 1498 albus,
1300 1441 1350 1489 in
1371 1436 1516 1490 dorso
1534 1451 1582 1489 et
1602 1434 1723 1490 facie
1745 1453 1793 1490 et
1816 1437 2047 1492 lateribus
2067 1437 2206 1492 valde
2227 1442 2386 1505 niger,

493 1526 715 1576 ceterum
746 1511 952 1565 imbellis
983 1515 1075 1572 est3
1121 1531 1178 1565 os
1204 1530 1410 1582 parvum
1438 1510 1607 1563 dentes
1646 1509 1848 1565 latentes
1878 1511 2038 1565 habet.
2113 1512 2385 1566 Latitudini

492 1602 700 1654 magnae
724 1604 808 1656 par
831 1584 931 1640 fere
960 1589 1027 1642 est
1048 1585 1325 1654 longitudo.
1401 1589 1593 1638 Praeter
1622 1586 1775 1654 pisces
1807 1586 2022 1641 humana
2053 1590 2204 1641 etiam
2235 1604 2383 1638 carne

491 1659 669 1713 lubens
699 1661 916 1713 vescitur.
1027 1658 1378 1714 Imbecillitatis
1410 1659 1520 1711 stiae
1550 1659 1775 1713 conscius
1811 1660 2138 1729 magnitudini
2173 1660 2383 1713 confidit

492 1737 728 1804 corporis.
802 1738 952 1804 Igitur
977 1750 1194 1788 natantes
1222 1748 1304 1787 aut
1338 1736 1587 1788 urinantes
1619 1731 1871 1787 latitudine
1898 1738 2125 1805 corporis
2159 1735 2231 1786 sui
2258 1753 2382 1788 con-

491 1807 648 1863 tectos
675 1822 725 1861 et
753 1809 1018 1880 impeditos
1049 1810 1309 1879 deprimit,
1342 1825 1598 1874 emergere
1629 1821 1676 1859 et
1694 1808 1924 1877 respirare
1947 1807 2201 1879 prohibet,
2234 1823 2381 1880 atque

490 1885 557 1935 ita
577 1886 828 1936 interimit.
901 1880 1139 1938 Pennatzt
1162 1882 1294 1935 hunc
1313 1880 1498 1934 bovem
1522 1885 1767 1934 marinum
1786 1879 1982 1935 Aeliani
1999 1883 2058 1934 ad
2088 1885 2238 1948 rajam
2259 1901 2381 1949 oxy-

490 1956 731 2024 rynchum
772 1954 929 2010 refert.
975 1990 977 1992 -
1021 1956 1205 2010 British
1243 1954 1483 2022 Zoology.
1509 1959 1580 2006 HI.
1618 1974 1665 2024 p.
1693 1967 1773 2017 83.
1865 1958 2160 2008 Pastinacam
2194 1955 2380 2010 bovem

490 2049 517 2083 a
545 2031 592 2083 se
627 2028 911 2101 appellatam
941 2044 988 2084 et
1010 2050 1040 2083 a
1069 2025 1238 2084 Fabio
1267 2025 1508 2083 Coluuma
1536 2033 1584 2082 in
1619 2028 1935 2096 Phytobasani
1971 2029 2164 2083 Tabula
2187 2042 2272 2089 28.
2303 2034 2380 2101 pi-

489 2104 651 2167 stam,
691 2123 815 2178 quae
846 2105 1080 2158 ducentas
1103 2103 1246 2156 libras
1271 2102 1491 2173 pondere
1511 2104 1732 2172 superare
1761 2104 1970 2168 dicitur,
2009 2102 2215 2172 intelligi
2241 2118 2380 2174 putat

489 2176 554 2234 L.
583 2175 673 2232 le.
699 2176 913 2232 Gronov
944 2179 1004 2231 ad
1033 2175 1202 2232 Plinii
1222 2182 1302 2229 IX.
1329 2195 1378 2247 -p,
1398 2194 1483 2242 90.
1559 2177 1744 2229 Eadem
1773 2176 1943 2247 plane,
1993 2196 2118 2249 quae
2153 2178 2214 2231 de
2246 2177 2379 2232 bove

488 2249 727 2306 Aelianus
763 2266 810 2307 et
840 2251 1116 2323 Oppianus
1152 2251 1377 2312 tradunt,
1419 2250 1488 2302 de
1525 2254 1709 2318 ingenti
1759 2253 1966 2316 rajarum
1995 2254 2153 2322 specie
2182 2250 2379 2306 Mamm

490 2329 523 2378 i.
543 2345 584 2387 e.
617 2325 883 2393 stragulum
903 2324 1046 2386 dieta,
1076 2324 1136 2376 ab
1157 2325 1421 2376 Americae
1449 2322 1662 2376 australis
1682 2323 1856 2377 incolis
1875 2322 2020 2377 refert
2048 2322 2214 2379 Ulloa.
2251 2326 2380 2382 vide

489 2403 831 2453 annotationes
871 2416 1005 2452 meas
1045 2397 1105 2449 ad
1148 2400 1251 2464 ejus
1294 2399 1503 2449 Notitias
1536 2399 1858 2451 Americanas
1902 2403 2184 2466 germanice
2220 2401 2380 2454 versas

487 2477 555 2526 T.
578 2479 608 2525 Ι.
635 2492 682 2544 p.
704 2490 823 2538 229.
897 2475 1029 2524 Hinc
1059 2470 1375 2540 explicandus
1393 2466 1562 2524 Plinii
1582 2470 1722 2525 locus
1742 2476 1822 2524 IX.
1856 2471 1979 2525 Sest
1998 2491 2083 2537 70.
2162 2476 2379 2528 Canicu-

489 2546 672 2609 larum‚
708 2550 891 2617 inquit,
935 2548 1155 2599 maxime
1185 2543 1449 2597 multitudo
1485 2548 1611 2597 circa
1645 2546 1921 2616 (spongias)
1959 2551 2206 2602 urinantes
2240 2552 2375 2615 gravi

487 2620 705 2692 periculo
738 2618 937 2674 infestat.
1049 2617 1136 2688 Ipfi
1159 2615 1320 2670 ferunt
1347 2632 1397 2670 et
1426 2617 1611 2670 nubem
1643 2620 1889 2689 quandam
1921 2621 2199 2675 craffescere
2231 2623 2376 2691 super

491 2699 645 2765 capita
665 2693 979 2755 animalium,
1016 2690 1277 2762 planorum
1304 2693 1508 2760 piscium
1537 2691 1766 2756 similem,
1807 2708 2114 2763 prementem
2147 2714 2261 2757 eOS,
2298 2714 2373 2748 ar-

491 2783 788 2839 centemque
810 2787 835 2820 a
860 2765 1243 2836 reciprocando:
1289 2778 1338 2816 et
1369 2764 1436 2817 ob
1471 2766 1521 2817 id
1561 2766 1691 2820 stilos
1724 2783 2012 2836 praeacutos
2051 2767 2191 2822 lineis
2221 2788 2373 2822 anne-

490 2862 583 2896 xos
618 2841 797 2895 habere
821 2842 894 2904 se,
933 2844 1042 2912 quia
1061 2838 1148 2892 nifi
1169 2835 1401 2908 perfoffae
1427 2841 1489 2890 ita
1517 2859 1619 2893 non
1643 2841 1884 2893 recedant.
1961 2841 2159 2894 Nubem
2190 2844 2374 2912 piscem

488 2918 654 2970 nescio
675 2916 807 2968 unde
826 2927 1071 2967 memorat.
1088 2911 1257 2965 audior
1279 2910 1341 2963 de
1359 2925 1526 2965 natura
1546 2932 1711 2967 rerum
1730 2914 1860 2984 apud
1879 2912 1938 2969 V
1938 2913 2204 2970 nicentium
2225 2921 2372 2971 XVn.

366 3008 413 3059 β.
478 3009 534 3081 ᾗ.
555 3009 584 3053 7
599 3011 640 3054 5.
678 2989 866 3041 laudata
886 2983 1165 3058 Aristotelis
1188 2983 1488 3038 auctoritate.
2136 3006 2140 3010 -

498 3069 525 3085 ”
639 3058 954 3131 Λειόβοιτος,
992 3058 1283 3120 Leiobatus‚
1330 3061 1359 3110 i.
1380 3076 1421 3110 e.
1464 3058 1613 3114 laevis
1639 3060 1792 3114 batus.
1892 3060 2175 3132 Arrstotelis
2203 3061 2371 3115 locum

494 3155 557 3192 ex
576 3140 639 3191 H.
659 3138 722 3190 A.
745 3142 825 3189 VI.
854 3156 870 3187 1
889 3157 932 3190 1.
964 3136 1096 3206 supra
1118 3133 1256 3206 posui
1283 3135 1333 3187 in
1351 3131 1628 3189 rhinobato.
1704 3139 1757 3189 Iu
1777 3133 1930 3190 altero
1951 3142 2006 3188 Π.
2035 3157 2055 3188 1
2069 3155 2112 3201 5.
2140 3137 2373 3206 squatina,

2161 3209 2374 3281 torpedo
