2571 3775
351 335 463 400 '3⁷26
1163 355 1463 407 2——

1413 385 1463 393 ..ι-

355 476 406 517 et
439 464 492 514 in
515 455 632 514 vafis
659 451 961 528 compositos
992 455 1342 526 Carthaginem
1376 455 1604 530 perferri,
1649 466 1848 533 propter
1875 467 2132 534 egregium
2161 465 2304 538 [apo-⁴

350 555 464 590 ⁴rem
490 531 949 602 Carthaginensibus
970 531 1082 587 solis
1102 533 1298 596 servari,
1333 551 1425 586 nec
1456 533 1552 589 alio
1583 543 1828 606 exportari
1850 555 1903 592 ut
1921 541 2106 613 reliqua
2130 542 2301 598 viliora

355 628 550 681 genera.
1588 653 1591 655 ,
2251 669 2254 672 .

503 683 655 737 Vides
693 681 969 734 Phoenices
1009 680 1246 747 ingressos
1277 683 1406 732 viam
1437 681 1499 734 ad
1527 683 1821 738 Americam
1847 686 2115 741 ducentem
2144 703 2298 744 vento

356 757 640 818 subsolano,
669 756 768 808 hoc
786 757 856 809 est
874 753 934 806 ab
956 757 1147 806 oriente
1161 753 1502 825 aequinoffh'ali
1523 759 1669 810 flante
1690 759 1870 825 (Gallis
1880 763 2299 830 Ventcl'Amont)

348 833 438 886 ubi
465 828 779 891 Columbus,
817 847 935 882 cum
955 827 1016 880 ab
1044 827 1206 880 insulis
1228 830 1600 884 Canarienfibus
1633 833 1692 885 ad
1716 834 2078 890 occidentalem
2100 837 2294 909 plagam

351 911 615 971 trajiceret,
653 921 789 959 mare
809 905 998 972 ingenti
1026 899 1125 955 fuci
1149 906 1354 956 natantis
1386 906 1651 973 (Sargaffo)
1681 912 1820 978 copia
1843 926 2139 980 coopertum
2159 913 2293 966 vidit,

350 986 631 1050 Regionem
649 979 803 1049 ipsam
834 981 1107 1033 accuratius
1139 976 1346 1030 definire
1365 981 1448 1030 vix
1470 977 1647 1034 licebit.
1724 984 1775 1035 A
1795 984 2113 1052 piscatoribus
2135 986 2295 1044 Phoe-

341 1055 540 1111 vicibus
564 1054 647 1106 seu
667 1052 922 1107 Gaditanis
948 1051 1095 1104 Italici
1116 1066 1414 1109 mercatores
1436 1055 1592 1122 pilces
1613 1055 1756 1112 salsos
1778 1072 2007 1129 acceptos
2026 1078 2115 1130 per
2137 1064 2294 1117 Grae-

350 1135 483 1185 ciam
502 1127 789 1200 Italiamque
808 1124 1141 1195 divulgabant.

502 1202 586 1256 Ab
608 1202 778 1256 Italicis
808 1205 955 1258 etiam
977 1198 1333 1254 mercatoribus
1365 1202 1650 1271 acipenseris
1678 1222 1863 1258 nomen
1891 1206 2113 1263 Italicum
2136 1208 2292 1279 perla-

350 1294 459 1333 tum
479 1282 546 1333 est
568 1296 683 1329 cum
706 1275 904 1348 reliquis
925 1273 1216 1328 salsamentis
1248 1278 1296 1326 in
1324 1277 1613 1336 Graeciam;
1656 1278 1788 1332 unde
1814 1296 2073 1352 acceptum
2095 1279 2292 1337 Arche-

340 1354 541 1426 stratus
567 1345 842 1411 a'mmimov
872 1353 1147 1409 nominavit
1179 1363 1226 1405 et
1263 1367 1380 1403 cum
1408 1348 1554 1419 galeo
1586 1351 1788 1408 Rhodio
1820 1361 2137 1427 comparavit.
2211 1362 2290 1413 De

349 1446 453 1502 quo
474 1426 651 1483 deinde
674 1412 967 1481 videbimus.

1148 1547 1236 1600 Ad
1271 1564 1379 1618 pag.
1411 1564 1497 1611 71.

491 1644 703 1716 Cephali
724 1647 899 1702 marini
919 1658 972 1702 et
993 1643 1239 1698 fluviatilis
1261 1644 1500 1697 diversam
1520 1642 1662 1715 plane
1682 1659 1902 1700 naturam
1928 1650 2110 1716 arguit,
2150 1645 2289 1719 quod

340 1722 597 1777 annotavit
610 1718 837 1777 Galenus
855 1720 916 1772 de
938 1723 980 1771 S.
995 1719 1181 1772 Medio.
1191 1717 1368 1771 Facult.
1381 1723 1455 1770 111.
1473 1734 1622 1790 atque
1636 1738 1700 1772 ex
1723 1719 1971 1775 eertiuS
1983 1727 2035 1774 11.
2047 1740 2151 1791 cap.
2173 1743 2188 1773 r
2208 1739 2288 1785 37.

341 1801 591 1850 marinum
615 1794 877 1865 cephalum
902 1793 1043 1864 plane
1071 1810 1236 1846 carere
1265 1793 1409 1862 spinis
1439 1791 1531 1844 illis
1562 1797 1722 1862 parvis
1752 1809 1800 1851 et
1820 1795 1999 1848 crebris
2031 1794 2285 1862 (carnibus

338 1869 691 1939 interspersis),
718 1867 899 1940 quibus
919 1886 1074 1936 genus
1094 1866 1325 1924 fluviatile
1337 1881 1388 1919 et
1408 1865 1627 1928 lacustre‚
1668 1869 1806 1939 quod
1828 1873 1880 1922 in
1895 1887 2029 1923 mare
2053 1870 2284 1922 aseende-

338 1963 394 1998 re
422 1944 596 2006 soleat,
636 1942 867 2000 ‚refertum
896 1942 978 2004 fit,
1012 1956 1066 1994 ut
1093 1941 1269 2012 reliqui
1300 1943 1493 2007 generis
1525 1942 1657 1997 istius
1687 1943 1838 2012 pisces
1849 1963 1864 2004 3
1920 1947 2006 2010 (in
2039 1947 2201 1998 fluviis
2236 1956 2286 1996 et

335 2017 542 2073 lacubus
565 2018 825 2086 degentes)
848 2017 1063 2088 denique
1095 2015 1228 2069 addit
1262 2032 1424 2085 neque
1454 2013 1605 2068 alium
1630 2021 1876 2071 marinum
1905 2019 2090 2088 piscem
2125 2019 2281 2088 spinas

338 2096 447 2149 :istas
468 2097 681 2146 minutas
704 2090 930 2144 carnibus
961 2090 1262 2161 interspersas
1283 2107 1468 2156 gerere.
1545 2093 1714 2157 Qiam
1735 2094 2034 2162 postremam
2057 2091 2282 2146 observa-

328 2173 528 2222 tionem
550 2168 611 2220 de
642 2165 824 2220 offibus
853 2170 988 2234 vagis
1022 2160 1231 2219 Gummi
1262 2167 1434 2216 marini
1466 2161 1637 2217 littoris
1670 2166 1851 2220 accolis
1885 2167 2278 2220 confirmandam

335 2242 658 2298 commendo.
734 2248 914 2295 Veram
940 2240 1105 2306 judico
1127 2258 1187 2291 ex
1208 2242 1372 2308 paucis
1404 2242 1601 2292 marinis
1625 2240 1862 2308 piscibus,
1901 2261 2028 2312 quos
2048 2241 2280 2294 dissecare

329 2319 461 2372 mihi
483 2317 642 2377 licuit3
681 2334 772 2368 nec
809 2315 1009 2383 indigna
1039 2312 1283 2366 videbitur
1313 2316 1584 2365 attentione
1613 2332 1690 2367 res
1723 2314 1847 2377 illis,
1884 2320 1966 2388 qui
2002 2314 2279 2382 ichthyolo-

334 2396 469 2461 giam
491 2393 651 2444 severe
673 2388 889 2442 traciam.
967 2389 1143 2441 Nescio
1164 2405 1224 2439 an
1244 2386 1443 2439 easdem
1459 2385 1665 2454 intelligi
1685 2388 1896 2443 voluerit
1916 2387 2127 2443 Dorion
2149 2389 2276 2459 apud

336 2462 651 2520 Athenaeum
683 2468 781 2516 VII.
811 2483 856 2534 p.
888 2480 1004 2526 3¹2·
1033 2461 1119 2515 ubi
1156 2480 1352 2528 myrum
1384 2462 1527 2531 spinis
1558 2459 1648 2515 illis
1681 2482 1845 2517 carere
1875 2468 1951 2517 ait.
2018 2459 2147 2532 (τοὶς
2191 2459 2276 2521 ὃιοὶ

330 2535 530 2617 σαρκός
562 2534 857 2607 οἷχοὲμθοις)
899 2565 967 2578 —-·
1036 2536 1200 2590 Video
1238 2550 1403 2588 tamen
1445 2554 1578 2588 nunc
1605 2533 1881 2592 Artedimn
1914 2542 1964 2591 in
1997 2538 2273 2607 Philosoph.

333 2634 381 2685 p.
410 2622 496 2676 63.
532 2627 719 2684 praeter
748 2615 1005 2682 cyprinOS‚
1058 2625 1108 2663 et
1141 2610 1334 2671 esoce3‚
1393 2609 1576 2679 clupeis
1604 2615 1754 2665 etiam
1789 2627 1838 2666 et
1872 2616 2066 2681 congris
2097 2612 2273 2664 eadem

330 2687 534 2743 officula
563 2686 927 2749 musculorum,
969 2703 1095 2756 quae
1125 2683 1205 2736 ille
1236 2682 1473 2754 appellat‚-
1523 2684 1804 2748 adscribere.
1881 2692 1933 2739 In
1962 2685 2273 2739 Salmonibus

331 2766 648 2830 corregoniS‚
709 2762 922 2816 Osmero
943 2757 1223 2828 (Eperlano
1259 2758 1505 2824 fluviatili)
1542 2759 1880 2822 Salmonibus,
1941 2759 2192 2814 Scombris
2223 2773 2275 2813 et

329 2838 640 2903 Ammodyte
662 2855 778 2888 cum
798 2836 931 2904 spina
959 2851 1083 2886 nexa
1105 2832 1198 2885 ess'e
1223 2832 1358 2885 idem
1376 2846 1590 2885 annotat.

477 2918 666 2964 Verum
688 2911 946 2962 discrimen
969 2926 1071 2978 quo
1102 2907 1262 2975 spina,
1303 2925 1394 2974 pro
1415 2905 1599 2960 offibus
1620 2904 1796 2958 tributa
1819 2905 2029 2975 piscibus
2052 2905 2113 2960 ab
2134 2904 2269 2961 Ari-

326 2981 515 3052 stotele,
555 2985 812 3055 spinaeque
832 2983 1039 3052 piscium
1061 2979 1226 3035 fimilia
1249 2980 1346 3033 offa
1370 2981 1666 3049 serpentum,
1704 2998 1731 3032 a
1757 2981 2060 3053 reliquorum
2081 2986 2267 3033 anima-

326 3058 450 3110 lium
473 3058 655 3112 offibus
677 3059 933 3118 differunt,
969 3074 1036 3108 ex
1064 3054 1186 3108 locis
1219 3054 1497 3123 Philosophi
1529 3052 1806 3119 conjedhira
1833 3054 2096 3108 colledlum
2126 3056 2266 3124 posui

330 3135 380 3184 in
411 3134 618 3185 Historia
659 3130 944 3186 animalium
973 3142 1329 3183 venenatorum
1366 3127 1587 3184 litteraria
1625 3129 1920 3200 propediem
1960 3128 2268 3200 publicanda.

2068 3202 2268 3272 Nempe
