2571 3775
1003 347 1295 370 ·““““““·““
2007 357 2108 408 233

221 468 302 523 sed
336 463 528 524 Suidas
548 469 632 541 qui
652 461 895 523 *Cicilium
918 462 1033 516 inde
1052 461 1217 517 retulit
1240 466 1292 517 in
1311 465 1555 519 Lexicum
1576 466 1715 520 fuum
1732 506 1747 530 ,
1786 471 1837 522 in
1863 488 2007 525 verae
2040 471 2107 527 le-

222 543 399 598 ciionis
418 546 672 610 vestigium
696 538 834 591 facile
855 558 948 593 nos
967 538 1207 608 perducit.
1294 537 1395 591 Sub
1420 543 1765 594 Romanorum
1793 547 2004 614 imperio
2036 551 2107 601 vi-

222 618 339 671 xiffe
366 635 551 670 nomen
579 618 746 682 arguit.

371 721 733 790 CallimuCIeuS,
774 724 1074 790 CyrenaeuS,
1100 738 1247 794 poeta
1264 737 1314 777 et
1332 724 1681 792 grammaticus
1703 741 1928 798 tempore
1949 728 2108 783 Ptole-

216 804 350 856 maei
369 799 680 870 Philadelphi.
761 804 835 852 Ex
853 797 1211 870 antiquioribus
1232 798 1573 868 scriptoribus,
1592 804 1812 870 inprimis
1824 803 2107 867 Aristotele,

221 873 469 929 mirabiles
494 875 556 926 de
575 872 861 927 animalium
893 886 1062 925 natura
1082 876 1276 926 notitias
1305 888 1353 926 et
1371 871 1554 926 fabulas
1576 893 1694 926 cum
1716 870 1984 944 peregrinis
2016 898 2108 933 no-

218 947 437 1002 minibus
466 949 756 1017 collegerat,
794 946 972 1000 nullius
1005 947 1336 1009 auGOritatiS,
1389 945 1473 999 nifi
1513 951 1564 999 in
1599 951 1780 1002 Critica
1814 968 1893 1012 re,
1931 950 2015 1004 ubi
2045 953 2109 1006 de

219 1021 446 1076 leciionis
466 1027 666 1078 veritate
689 1021 963 1084 dubitatur,
997 1036 1079 1075 aut
1111 1023 1359 1090 scriptoris
1393 1024 1682 1092 antiquioris
1714 1027 1924 1078 narratio
1957 1025 2016 1078 ab
2043 1044 2106 1081 eo

218 1099 434 1151 affertur.

382 1190 623 1262 Magnus
660 1188 910 1247 Aurelius
944 1186 1284 1261 Cuffiodoru5‚
1347 1189 1681 1243 Theodorico
1719 1193 1822 1258 regi
1863 1190 2022 1245 Italiae
2058 1207 2108 1247 et

219 1265 647 1393 Ostrogogioriim
667 1285 823 1329 carus,
844 1268 1004 1326 initio,
1024 1262 1184 1317 Seculi
1204 1268 1280 1317 VI.
1315 1267 1369 1317 In
1380 1264 1603 1336 Epistolis
1613 1264 1767 1336 pisces
1789 1263 1979 1339 ali-quot
2002 1285 2105 1321 me-

212 1354 382 1395 morat
414 1360 447 1394 o
485 1355 589 1393 iter.

368 1448 577 1525 Castum,
614 1450 768 1505 libelli
801 1455 988 1520 graeci,
1039 1453 1124 1523 qui
1166 1448 1534 1503 Problematum
1563 1450 1878 1504 medicorum
1907 1450 2105 1518 titulum

217 1523 458 1592 praefert,
508 1524 706 1589 audior,
742 1525 1078 1596 Iatrosophista
1111 1523 1264 1593 vulgo
1307 1523 1496 1585 dicius,
1536 1542 1686 1596 quem
1727 1525 1945 1578 eundem
1986 1546 2104 1581 cum

220 1601 386 1654 Cassio
416 1601 617 1655 medico
646 1619 671 1652 a
695 1597 832 1671 Celso
856 1600 1053 1653 laudato
1074 1597 1188 1653 facit
1209 1594 1284 1653 Le
1301 1595 1442 1653 Clerc
1461 1600 1675 1654 Histoire
1698 1598 1822 1652 dela
1841 1600 2026 1654 Medic,
2051 1606 2106 1654 II.

215 1688 262 1743 p.
282 1691 302 1724 1
317 1681 397 1727 26.
435 1677 567 1729 Raro
588 1674 812 1728 animalia
835 1678 1036 1743 attingit.
1701 1704 1703 1707 ·

367 1781 634 1840 Cornelius
674 1781 869 1857 Celsen,
918 1783 1002 1836 sub
1037 1782 1279 1844 TiberiO,
1331 1786 1478 1836 etiam
1507 1784 1569 1837 de
1598 1803 1652 1838 re
1687 1785 1879 1839 medica
1908 1785 2103 1856 scripfit,

215 1857 411 1925 elegans
439 1855 754 1930 Hippocratis
773 1857 1082 1930 aliorumque
1102 1862 1360 1927 interpres,
1399 1857 1577 1930 dubiae
1601 1857 1921 1924 auctoritatis²
1944 1880 2106 1934 quon·
2189 1914 2192 1920 ,

159 1971 163 1975 -
215 1933 317 1986 i'am
337 1932 612 1996 dubitatur,
652 1952 713 1986 an
742 1933 1041 1986 medicinam
1063 1933 1162 2002 ipse
1181 1931 1416 1984 calluerit.

369 2041 664 2110 Clearchus,
697 2043 902 2100 Solenfis
925 2063 988 2097 ex
1012 2043 1208 2106 Cilicia,
1246 2044 1620 2114 peripateticuS‚
1658 2044 1932 2099 Aristotelis
1961 2045 2103 2099 disci-

215 2117 375 2188 pulus.
455 2123 616 2186 Hujus
654 2117 833 2172 librum
867 2119 929 2171 de
958 2116 1244 2191 aquatilibus
1284 2116 1446 2170 laudat
1477 2114 1761 2170 Atlzeuueus
1789 2123 1886 2173 VII.
1909 2140 1952 2190 p.
1984 2140 2102 2184 317.

209 2210 282 2244 ex
303 2193 607 2247 eo'describit
624 2208 928 2248 exocoetum
955 2196 1150 2261 egregie
1171 2196 1290 2245 VIII.
1315 2211 1361 2261 p.
1387 2208 1503 2254 332.
1589 2193 1797 2245 Caulam
1833 2199 2044 2264 torporis
2073 2212 2100 2247 a

215 2268 346 2335 pisce
366 2268 622 2339 torpedine
639 2266 750 2320 faeii
776 2267 1080 2338 inquifiverat
1100 2270 1151 2318 in
1174 2264 1299 2317 libro
1323 2264 1488 2335 aliquo
1509 2265 1769 2333 peculiari,
1805 2269 1887 2320 seu
1908 2268 2100 2322 fortaffe

205 2339 333 2394 -loco
365 2346 536 2413 prioris
565 2346 753 2412 operis,
784 2340 899 2394 ibid.
928 2360 976 2411 p.
1003 2359 1117 2406 314.
1168 2339 1372 2392 Librum
1400 2340 1672 2391 secundum
1694 2340 1756 2393 de
1787 2342 1969 2397 sceleris
2008 2362 2101 2396 no-

212 2419 371 2469 minat
402 2413 683 2471 Athenaeus
713 2421 795 2468 IX.
834 2435 880 2486 p.
908 2434 1024 2481 399.
1082 2429 1131 2467 et
1159 2413 1401 2484 quaedam
1440 2412 1502 2465 de
1535 2414 1764 2468 musculis
1791 2417 1906 2469 inde
1945 2418 2099 2470 affert.

213 2494 289 2544 Ex
311 2489 436 2543 libro
461 2491 522 2543 de
542 2494 660 2543 vinis
682 2488 852 2543 locum
881 2491 1022 2542 affert
1053 2486 1245 2543 Suidus
1277 2486 1366 2539 sub
1398 2501 1525 2540 voce
1552 2484 1789 2558 νεοττὸς,
1836 2489 1919 2543 ubi
1949 2492 2098 2545 docet

214 2563 336 2635 pulli
368 2568 560 2617 initium
590 2584 692 2618 non
713 2563 807 2616 esse
828 2561 1096 2624 exvitello,
1133 2561 1213 2614 sed
1235 2565 1286 2614 in
1306 2559 1555 2613 albumine
1580 2564 1742 2615 semen
1764 2567 1866 2630 ejus
1886 2565 2096 2635 politum

215 2638 324 2692 effe.
403 2644 547 2707 Qiae
569 2639 774 2711 quidem
797 2640 967 2708 opinio
999 2640 1146 2689 etiam
1173 2634 1232 2688 ab
1259 2638 1364 2701 ejus
1393 2651 1711 2705 praeceptore
1742 2636 2003 2705 Aristotele
2031 2645 2096 2693 H.

212 2714 379 2766 A.V1.
405 2732 448 2775 3.
483 2714 653 2767 tradita
674 2711 775 2765 fuit.
853 2711 950 2764 Sed
972 2709 1172 2763 titulum
1190 2708 1295 2762 libri
1315 2706 1436 2785 περὶ
1457 2705 1599 2769 ὅινων
1622 2724 1838 2782 mutatet
1851 2711 1971 2790 περὶ
1990 2714 2097 2774 ὠῶν

212 2790 246 2839 i.
269 2806 309 2840 e.
345 2786 407 2839 de
435 2793 540 2842 ovis
570 2791 768 2858 reponit
811 2784 863 2841 T
857 2802 967 2858 oup.
990 2790 1041 2838 in
1072 2784 1280 2838 Emend.
1310 2786 1362 2839 in
1399 2784 1600 2838 Suidam
1638 2789 1775 2840 Parte
1803 2791 1855 2846 ΙΙ,
1895 2807 1941 2858 p.
1979 2801 2099 2853 227.

212 2863 277 2915 ed
308 2862 432 2931 Lipfi

360 2959 417 3007 L.
446 2953 633 3027 lunius
664 2953 976 3011 Moderatus
1003 2951 1294 3019 Columella,
1318 2953 1617 3015 GaditanuS,
1653 2956 1925 3023 imperante
1947 2954 2096 3009 Clau-

211 3030 296 3083 dio
339 3032 474 3082 vixit.
564 3035 618 3082 In
653 3050 804 3100 opere
836 3031 1187 3098 elegantissime
1220 3030 1396 3098 scripto
1431 3027 1493 3078 de
1523 3045 1574 3079 re
1605 3029 1780 3081 rustica
1806 3029 2094 3085 animalium

211 3109 359 3158 etiam
376 3105 682 3179 pisciumque
703 3105 1014 3179 quorundam
1036 3122 1204 3158 curam
1227 3117 1274 3156 et
1295 3100 1480 3155 cultum
1503 3101 1666 3155 docet.

1258 3213 1307 3266 G
1323 3228 1356 3280 g
1778 3171 1781 3173 >
1982 3210 2090 3268 loe.
