2571 3775
1077 390 1370 412 ¹¹¹¹—-
2094 387 2200 443 301'

405 506 577 582 Atque
595 499 804 564 omnino
826 525 889 560 ex
914 505 1038 560 locis
1066 500 1344 579 philosophi
1375 506 1598 578 pluribus
1622 503 1911 571 conficitur,
1951 525 2068 565 eum
2091 509 2199 562 sen-

239 584 333 649 >sus
353 590 515 638 omnis
537 587 835 655 principium
855 582 915 635 ad
950 601 1037 635 cor
1067 582 1308 644 retuliffe5
1346 586 1482 648 cujus
1504 583 1720 637 calorem
1744 601 1769 635 a
1792 581 1999 636 cerebro
2015 581 2199 651 frigido

260 662 519 729 'temperari
543 657 800 717 statuebat3
840 660 1001 727 itaque
1023 655 1282 709 cerebrum
1301 659 1566 711 sensorium
1586 657 1931 710 secundarium
1952 671 2068 719 erat,
2091 676 2196 710 non

259 736 564 803 primarium.
628 733 843 784 Gustum
875 745 925 784 et
952 729 1137 783 tadium
1171 750 1289 784 cum
1315 733 1418 802 ipso
1446 732 1598 785 corde
1628 734 1930 791 continua-ri,
1980 729 2199 799 reliquos

260 826 380 860 vero
407 806 565 858 sensus
601 808 653 857 in
681 808 836 876 capite
867 804 1070 858 refidere
1099 804 1336 859 censebat.
1421 808 1735 874 Argumenta·
1759 804 1908 856 huius*
1935 802 2199 856 sententiae

261 889 324 933 ex
358 879 477 933 locis
520 878 717 947 lingulis
756 878 957 947 collegit
993 877 1047 933 C.
1078 876 1357 950 Hoffmann
1390 880 1453 932 ad
1492 876 1738 934 Galemum
1773 878 1834 930 de
1866 878 1953 931 usu
1983 881 2197 948 partium

254 973 299 1024 p.
322 975 338 1005 1
352 960 435 1006 61.
459 954 586 1026 seqq.
625 954 764 1006 Idem
784 952 969 1006 ibidem
988 973 1034 1023 p.
1057 975 1073 1004 r
1087 972 1170 1019 73.
1193 958 1390 1023 egregie
1413 954 1602 1015 docuit,
1622 972 1727 1026 quo
1745 952 1883 1005 sensu
1904 948 2196 1021 Aristoteles

258 1028 518 1090 afferuerit‚
554 1027 795 1090 animalia,
819 1046 944 1100 quae
962 1028 1141 1082 odores
1164 1028 1443 1097 respirando
1461 1032 1756 1098 percipiunt,
1782 1026 2006 1078 additum
2027 1026 2189 1078 senso—

257 1107 333 1156 rio
354 1103 533 1155 habere
554 1102 863 1172 operculum,
889 1118 1057 1156 contra
1084 1120 1209 1172 quae
1230 1102 1327 1154 fine
1348 1103 1660 1172 respiratione
1681 1101 1968 1161 odorantur,
2003 1100 2196 1151 nudum

258 1192 306 1229 et
327 1176 422 1229 fine
445 1176 684 1246 operculo
706 1177 974 1230 sensorium
1006 1172 1350 1229 odoratorium
1378 1176 1572 1229 habere.
1689 1174 1882 1227 Scilicet
1909 1168 2198 1239 Aristoteles

255 1252 445 1302 sensum
465 1251 700 1304 odoratus
724 1254 774 1303 in
795 1255 929 1304 nervi
944 1269 1033 1321 per
1052 1269 1190 1304 nares
1213 1250 1407 1321 expanfi
1425 1254 1697 1321 propagine
1716 1252 1898 1303 exoriri
1913 1262 1960 1300 et
1980 1247 2040 1299 ad
2063 1264 2200 1298 cere-

258 1324 403 1377 brum
432 1323 631 1395 perferri
652 1328 864 1378 omnino
885 1339 967 1377 aut
987 1323 1244 1392 ignorabat
1275 1339 1357 1378 aut
1384 1325 1607 1393 negabat.
1711 1327 1898 1378 Contra
1927 1322 2196 1375 odoratum

255 1398 318 1451 'ab
341 1417 451 1451 aere
472 1418 559 1468 per
581 1399 774 1452 narium
795 1399 1015 1452 canalem
1036 1399 1096 1451 ad
1121 1398 1380 1452 cerebrum
1405 1398 1685 1470 respirando
1705 1395 1908 1451 attracio
1932 1393 2197 1465 repetebat.

256 1477 412 1526 Nares
432 1477 581 1542 igitur¹
603 1479 871 1546 earumque
902 1477 1163 1526 cavitatem
1191 1473 1458 1545 spongiosis
1492 1488 1540 1527 et
1571 1472 1825 1525 turbinatis
1854 1471 2036 1524 offibus
2063 1472 2195 1521 varie

257 1547 484 1617 plicatam
502 1547 726 1617 operculi
759 1547 875 1602 loc'o
895 1547 1062 1600 habuit
1096 1552 1145 1601 in
1175 1547 1490 1610 animalibus,
1529 1546 1707 1620 quibus
1730 1564 1784 1599 ea
1805 1545 1997 1598 narium
2016 1542 2197 1596 fabrica

255 1620 383 1674 ossea
408 1622 550 1674 adest.
626 1621 775 1674 Simili
798 1621 898 1684 fere
919 1627 1107 1676 ratione
1131 1620 1374 1690 Galenus,
1408 1626 1492 1695 qui
1517 1622 1783 1675 odoratum
1805 1624 1855 1672 in
1878 1618 1984 1689 ipfis
2006 1616 2195 1671 cerebri

255 1695 579 1749 anterioribus
601 1696 880 1750 ventriculis
914 1698 1022 1749 fieri
1048 1696 1404 1758 contendebat,
1430 1697 1583 1749 sensui
1605 1696 1720 1747 huic
1742 1693 1892 1747 veluti
1914 1695 2196 1763 operimen-

252 1783 362 1841 tum
393 1771 475 1822 seu
508 1770 858 1838 suggrundium
886 1770 1236 1839 praestruffiur'n
1273 1772 1367 1824 effe
1396 1772 1563 1823 nalum
1593 1768 1803 1840 putabat.
1894 1771 2011 1820 Non
2047 1769 2197 1832 igitur

254 1854 381 1906 erat,
419 1863 506 1896 cur
525 1859 624 1897 tam
638 1848 817 1897 'acriter
839 1841 1063 1898 Galenus
1082 1842 1391 1915 Aristotelem
1411 1843 1747 1905 inse6'raretur‚
1783 1842 2023 1913 usumque
2048 1848 2195 1908 oper-

254 1918 350 1970 culi
393 1917 453 1970 ab
484 1930 548 1971 eo
595 1917 868 1971 adhibitum
900 1922 1146 1984 rejiceret..
1248 1919 1349 1987 Ipse
1380 1921 1516 1971 enim
1546 1935 1703 1990 aeque
1737 1915 1947 1985 graviter
1974 1918 2023 1967 in
2054 1913 2194 1965 sensu

258 1992 445 2045 eodem·
461 1991 754 2061 explicando
774 1996 971 2054 erravit,
1002 1992 1087 2044 sed
1115 1990 1204 2045 alia
1238 1996 1428 2046 ratione
1439 2012 1457 2054 3
1487 1995 1638 2045 etiam
1671 1990 1918 2045 vocabulo
1948 1988 2075 2049 alio,
2109 1985 2192 2039 sed

220 2108 223 2109 γ
257 2066 478 2134 'ejusdem
498 2066 876 2137 planenotionis
896 2066 1005 2120 usus
1027 2068 1109 2120 est.

409 2144 644 2195 Ceterum
663 2159 724 2193 ex
746 2138 893 2212 Rufo
912 2160 960 2211 p.
985 2147 1015 2192 6
1029 2158 1068 2202 5.
1100 2142 1317 2206 conjicio
1333 2143 1550 2209 primum
1570 2137 1904 2209 Herophilum
1927 2153 2197 2190 nervorum

257 2234 444 2269 nomen
468 2211 852 2270 communicasse
873 2234 989 2267 cum
1014 2215 1236 2267 sensuum
1261 2217 1602 2268 instrumentis.
1651 2219 1693 2267 Is
1716 2218 1849 2266 enim
1875 2230 2052 2265 nervos
2074 2208 2196 2261 alios

257 2292 418 2362 posuit
444 2307 556 2351 θος,
598 2294 682 2361 qui
713 2288 951 2342 voluntati
985 2288 1204 2343 hominis
1230 2287 1601 2359 obtemperant,
1635 2290 1707 2354 (et
1733 2288 1922 2340 sensum
1951 2285 2198 2346 efficiunt)

258 2385 283 2418 a
310 2364 514 2418 cerebro
536 2376 583 2417 et
601 2362 814 2416 medulla
832 2362 996 2433 spinali
1022 2378 1188 2424 ortos;
1229 2362 1348 2416 alios
1368 2381 1489 2416 vero
1508 2362 1605 2416 offa
1630 2361 1860 2431 colligare
1880 2375 1929 2414 et
1948 2356 2197 2414 musculos

258 2443 548 2494 continuare
579 2438 829 2504 (tendines
849 2437 994 2491 nobis
1016 2436 1201 2501 didios)
1224 2435 1361 2489 dixit.
1902 2501 1904 2503 ‚

255 2523 257 2525 ’
404 2516 572 2582 Capita
598 2511 805 2580 piscibus
828 2516 1057 2581 portione
1079 2513 1348 2581 corporum
1372 2514 1586 2563 maxima
1607 2511 1718 2573 effe,
1763 2508 1968 2564 fortaffis
1990 2521 2044 2560 ut
2066 2523 2198 2558 mer-

257 2599 462 2654 gantur,
512 2605 574 2640 ex
604 2584 805 2639 auc‘iore
838 2585 1003 2657 aliquo
1035 2585 1185 2638 hodie
1219 2605 1322 2639 non
1355 2588 1569 2638 exstante
1599 2589 1849 2638 annotavit
1878 2580 2086 2640 Plinius
2114 2585 2196 2632 XI.

257 2660 369 2714 sect.
402 2667 488 2727 46.
582 2664 720 2713 Haec
753 2664 918 2730 capitis
948 2664 1208 2731 proportio
1239 2659 1399 2712 multo
1433 2664 1580 2712 etiam
1611 2663 1768 2722 maior
1801 2663 1850 2712 in
1881 2660 2086 2711 ceraceis
2114 2656 2196 2706 est.

257 2736 352 2788 'Sed
371 2750 559 2806 praeter
579 2736 718 2787 usum
739 2736 995 2802 mergendi
1011 2772 1025 2797 ‚
1059 2738 1138 2787 cui
1158 2735 1353 2786 natandi
1382 2735 1633 2786 necessitas
1666 2734 1832 2806 aliquo
1854 2733 2011 2785 modo
2036 2729 2196 2783 obsta-

256 2827 310 2862 re
329 2811 549 2877 videtur,
586 2809 765 2862 multae
796 2808 912 2861 aliae
936 2814 1081 2862 etiam
1102 2814 1311 2862 rationes
1337 2806 1548 2860 formam
1571 2812 1736 2878 capitis
1757 2812 1984 2861 conicam
2007 2820 2055 2857 et
2075 2823 2193 2872 pro.-

258 2887 548 2954 portionem
587 2902 702 2936 cum
744 2883 933 2956 reliquo
975 2899 1152 2936 trunco
1194 2886 1430 2941 maiorem
1473 2882 1716 2950 postulant
1733 2920 1745 2943 ‚
1809 2900 1928 2952 quas
1960 2877 2196 2947 explicuit

260 2961 485 3026 egregius
508 2955 725 3028 Camper
748 2962 796 3009 in
817 2972 1029 3011 annotat.
1053 2958 1111 3009 ad
1149 2954 1362 3010 Mummi
1387 2958 1622 3009 Anatom.
1644 2957 1853 3008 Piscium
1874 2974 1918 3024 p.
1943 2971 2054 3023 ¹57-
2078 2959 2194 3010 ¹168.

290 3099 295 3104 ῃ
406 3036 595 3084 Nervos
619 3033 819 3098 piscium
844 3037 1037 3102 opticos
1056 3051 1171 3083 cum
1195 3035 1332 3084 omni
1356 3029 1487 3084 oculi
1508 3029 1684 3083 fabrica
1714 3050 1775 3083 ex
1809 3046 1989 3097 genere
2027 3029 2196 3082 fluvia,-

257 3104 326 3158 t'ili
349 3105 591 3174 descripsit
613 3104 789 3159 hallei·
809 3110 857 3158 in
881 3107 1154 3159 Mc'moires
1177 3107 1236 3158 de
1259 3105 1457 3157 l'A'cad.
1478 3104 1540 3156 de
1563 3109 1689 3157 Paris
1713 3112 1861 3167 1762.
1880 3124 1924 3174 p.
1944 3111 2090 3165 76—-
2107 3124 2192 3163 ῶς.

255 3198 380 3252 quac
418 3182 592 3233 eadem
626 3180 888 3236 dissertatio
919 3187 1090 3235 inserta
1128 3181 1304 3248 lega-'zur
1343 3181 1446 3232 eius
1480 3181 1631 3249 Oper.
1667 3178 1943 3235 minoribus
1977 3178 2079 3231 Vol
2118 3183 2189 3231 ΠΙ.

288 3272 298 3281 “
820 3269 823 3272 ’
907 3254 913 3257 ’
1198 3260 1274 3325 Pp
1321 3271 1347 3322 3
1986 3272 2033 3324 p.
2065 3272 2185 3317 250.
