<?xml version="1.0" encoding="UTF-8"?>
<!DOCTYPE html PUBLIC "-//W3C//DTD XHTML 1.0 Transitional//EN"
    "http://www.w3.org/TR/xhtml1/DTD/xhtml1-transitional.dtd">
<html xmlns="http://www.w3.org/1999/xhtml" xml:lang="en" lang="en">
 <head>
  <title>
</title>
<meta http-equiv="Content-Type" content="text/html;charset=utf-8" />
  <meta name='ocr-system' content='tesseract 3.04.00' />
  <meta name='ocr-capabilities' content='ocr_page ocr_carea ocr_par ocr_line ocrx_word'/>
</head>
<body>
  <div class='ocr_page' id='page_1' title='image "./synonymiapiscium00arte_0341.png"; bbox 0 0 2571 3775; ppageno 0'>
   <div class='ocr_carea' id='block_1_1' title="bbox 1095 320 2203 380">
    <p class='ocr_par' dir='ltr' id='par_1_1' title="bbox 1095 320 2203 380">
     <span class='ocr_line' id='line_1_1' title="bbox 1095 320 2203 380; baseline 0.002 -2"><span class='ocrx_word' id='word_1_1' title='bbox 1095 320 1386 340; x_wconf 77' lang='grc'><em>“““““““”“““</em></span> <span class='ocrx_word' id='word_1_2' title='bbox 2099 328 2203 380; x_wconf 82' lang='lat'>329</span> 
     </span>
    </p>
   </div>
   <div class='ocr_carea' id='block_1_2' title="bbox 1096 343 1386 353">
    <p class='ocr_par' dir='ltr' id='par_1_2' title="bbox 1096 343 1386 353">
     <span class='ocr_line' id='line_1_2' title="bbox 1096 343 1386 353; baseline 0 3422"><span class='ocrx_word' id='word_1_3' title='bbox 1096 343 1386 353; x_wconf 95' lang='lat' dir='ltr'> </span> 
     </span>
    </p>
   </div>
   <div class='ocr_carea' id='block_1_3' title="bbox 250 431 2200 585">
    <p class='ocr_par' dir='ltr' id='par_1_3' title="bbox 250 431 2200 585">
     <span class='ocr_line' id='line_1_3' title="bbox 252 431 2200 508; baseline 0.004 -21"><span class='ocrx_word' id='word_1_4' title='bbox 252 436 390 500; x_wconf 83' lang='lat' dir='ltr'>jecur</span> <span class='ocrx_word' id='word_1_5' title='bbox 408 434 671 503; x_wconf 71' lang='lat' dir='ltr'>sanguineo</span> <span class='ocrx_word' id='word_1_6' title='bbox 695 434 864 490; x_wconf 88' lang='lat' dir='ltr'>colore</span> <span class='ocrx_word' id='word_1_7' title='bbox 885 433 1147 494; x_wconf 84' lang='lat' dir='ltr'>floridum,</span> <span class='ocrx_word' id='word_1_8' title='bbox 1186 431 1432 486; x_wconf 85' lang='lat' dir='ltr'>fluviatilis</span> <span class='ocrx_word' id='word_1_9' title='bbox 1455 448 1622 487; x_wconf 84' lang='lat' dir='ltr'>contra</span> <span class='ocrx_word' id='word_1_10' title='bbox 1657 447 1704 488; x_wconf 83' lang='lat' dir='ltr'>et</span> <span class='ocrx_word' id='word_1_11' title='bbox 1727 439 1940 491; x_wconf 83' lang='lat' dir='ltr'>marinae</span> <span class='ocrx_word' id='word_1_12' title='bbox 1963 438 2200 508; x_wconf 83' lang='lat' dir='ltr'>pallidum</span> 
     </span>
     <span class='ocr_line' id='line_1_4' title="bbox 250 506 2199 585; baseline 0.004 -25"><span class='ocrx_word' id='word_1_13' title='bbox 250 514 504 562; x_wconf 73' lang='lat' dir='ltr'>annotavit</span> <span class='ocrx_word' id='word_1_14' title='bbox 534 507 750 578; x_wconf 69' lang='lat' dir='ltr'>Caldcfi;</span> <span class='ocrx_word' id='word_1_15' title='bbox 795 511 1012 562; x_wconf 82' lang='lat' dir='ltr'>marinae</span> <span class='ocrx_word' id='word_1_16' title='bbox 1037 506 1165 563; x_wconf 84' lang='lat' dir='ltr'>adeo</span> <span class='ocrx_word' id='word_1_17' title='bbox 1193 509 1331 573; x_wconf 87' lang='lat' dir='ltr'>jecur</span> <span class='ocrx_word' id='word_1_18' title='bbox 1360 510 1412 559; x_wconf 88' lang='lat' dir='ltr'>in</span> <span class='ocrx_word' id='word_1_19' title='bbox 1440 507 1554 561; x_wconf 90' lang='lat' dir='ltr'>cibo</span> <span class='ocrx_word' id='word_1_20' title='bbox 1585 512 1796 578; x_wconf 84' lang='lat' dir='ltr'>noxium</span> <span class='ocrx_word' id='word_1_21' title='bbox 1828 510 2199 585; x_wconf 36' lang='lat' dir='ltr'>tradit-Legunt¹</span> 
     </span>
    </p>
   </div>
   <div class='ocr_carea' id='block_1_4' title="bbox 252 586 2197 731">
    <p class='ocr_par' dir='ltr' id='par_1_4' title="bbox 252 586 2197 731">
     <span class='ocr_line' id='line_1_5' title="bbox 252 586 794 652; baseline 0.002 -17"><span class='ocrx_word' id='word_1_22' title='bbox 252 586 306 635; x_wconf 85' lang='lat' dir='ltr'>in</span> <span class='ocrx_word' id='word_1_23' title='bbox 331 587 580 636; x_wconf 83' lang='lat' dir='ltr'>itinerario</span> <span class='ocrx_word' id='word_1_24' title='bbox 609 601 655 652; x_wconf 89' lang='lat' dir='ltr'>p.</span> <span class='ocrx_word' id='word_1_25' title='bbox 679 589 794 636; x_wconf 85' lang='lat'>106.</span> 
     </span>
     <span class='ocr_line' id='line_1_6' title="bbox 404 654 2197 731; baseline 0.002 -22"><span class='ocrx_word' id='word_1_26' title='bbox 404 655 514 710; x_wconf 72' lang='lat' dir='ltr'>Ursi</span> <span class='ocrx_word' id='word_1_27' title='bbox 537 660 714 709; x_wconf 83' lang='lat' dir='ltr'>marini</span> <span class='ocrx_word' id='word_1_28' title='bbox 735 671 783 711; x_wconf 83' lang='lat' dir='ltr'>et</span> <span class='ocrx_word' id='word_1_29' title='bbox 810 655 962 708; x_wconf 78' lang='lat' dir='ltr'>lutrae</span> <span class='ocrx_word' id='word_1_30' title='bbox 988 658 1125 721; x_wconf 86' lang='lat' dir='ltr'>jecur</span> <span class='ocrx_word' id='word_1_31' title='bbox 1149 657 1359 708; x_wconf 82' lang='lat' dir='ltr'>noxium</span> <span class='ocrx_word' id='word_1_32' title='bbox 1382 659 1568 725; x_wconf 84' lang='lat' dir='ltr'>experti</span> <span class='ocrx_word' id='word_1_33' title='bbox 1586 654 1751 726; x_wconf 84' lang='lat' dir='ltr'>plures</span> <span class='ocrx_word' id='word_1_34' title='bbox 1772 659 2028 721; x_wconf 86' lang='lat' dir='ltr'>testantur,</span> <span class='ocrx_word' id='word_1_35' title='bbox 2071 677 2197 731; x_wconf 85' lang='lat' dir='ltr'>quo-</span> 
     </span>
    </p>
   </div>
   <div class='ocr_carea' id='block_1_5' title="bbox 227 726 2194 2268">
    <p class='ocr_par' dir='ltr' id='par_1_5' title="bbox 253 726 1975 802">
     <span class='ocr_line' id='line_1_7' title="bbox 253 726 1975 802; baseline 0.001 -19"><span class='ocrx_word' id='word_1_36' title='bbox 253 749 364 784; x_wconf 86' lang='lat' dir='ltr'>rum</span> <span class='ocrx_word' id='word_1_37' title='bbox 384 732 658 784; x_wconf 80' lang='lat' dir='ltr'>testimonia</span> <span class='ocrx_word' id='word_1_38' title='bbox 687 730 890 799; x_wconf 76' lang='lat' dir='ltr'>coiiegit</span> <span class='ocrx_word' id='word_1_39' title='bbox 910 729 984 783; x_wconf 86' lang='lat' dir='ltr'>Cl.</span> <span class='ocrx_word' id='word_1_40' title='bbox 1007 726 1188 783; x_wconf 70' lang='lat' dir='ltr'>Pallas</span> <span class='ocrx_word' id='word_1_41' title='bbox 1209 728 1431 798; x_wconf 86' lang='lat' dir='ltr'>Spicileg.</span> <span class='ocrx_word' id='word_1_42' title='bbox 1455 728 1665 798; x_wconf 84' lang='lat' dir='ltr'>Zoolog.</span> <span class='ocrx_word' id='word_1_43' title='bbox 1678 735 1803 784; x_wconf 89' lang='lat' dir='ltr'>XIV.</span> <span class='ocrx_word' id='word_1_44' title='bbox 1825 750 1871 802; x_wconf 89' lang='lat' dir='ltr'>p.</span> <span class='ocrx_word' id='word_1_45' title='bbox 1899 751 1975 785; x_wconf 83' lang='lat'>11.</span> 
     </span>
    </p>

    <p class='ocr_par' dir='ltr' id='par_1_6' title="bbox 245 803 2194 1024">
     <span class='ocr_line' id='line_1_8' title="bbox 402 803 2194 874; baseline 0.003 -19"><span class='ocrx_word' id='word_1_46' title='bbox 402 803 707 857; x_wconf 85' lang='lat' dir='ltr'>Rubetarum</span> <span class='ocrx_word' id='word_1_47' title='bbox 726 805 1026 859; x_wconf 79' lang='lat' dir='ltr'>venenatum</span> <span class='ocrx_word' id='word_1_48' title='bbox 1046 806 1181 868; x_wconf 85' lang='lat' dir='ltr'>jecur</span> <span class='ocrx_word' id='word_1_49' title='bbox 1204 817 1395 856; x_wconf 89' lang='lat' dir='ltr'>veteres</span> <span class='ocrx_word' id='word_1_50' title='bbox 1413 805 1674 873; x_wconf 76' lang='lat' dir='ltr'>scriptores</span> <span class='ocrx_word' id='word_1_51' title='bbox 1695 805 1865 874; x_wconf 70' lang='lat' dir='ltr'>paflim</span> <span class='ocrx_word' id='word_1_52' title='bbox 1892 805 2194 861; x_wconf 84' lang='lat' dir='ltr'>tradiderunt</span> 
     </span>
     <span class='ocr_line' id='line_1_9' title="bbox 247 876 2192 951; baseline 0.001 -19"><span class='ocrx_word' id='word_1_53' title='bbox 247 895 275 932; x_wconf 77' lang='lat' dir='ltr'>a</span> <span class='ocrx_word' id='word_1_54' title='bbox 297 876 536 931; x_wconf 81' lang='lat' dir='ltr'>malefic-is</span> <span class='ocrx_word' id='word_1_55' title='bbox 561 879 850 932; x_wconf 88' lang='lat' dir='ltr'>hominibus</span> <span class='ocrx_word' id='word_1_56' title='bbox 869 877 1145 931; x_wconf 86' lang='lat' dir='ltr'>adhibitum</span> <span class='ocrx_word' id='word_1_57' title='bbox 1159 876 1318 940; x_wconf 73' lang='lat' dir='ltr'>fuiffe,</span> <span class='ocrx_word' id='word_1_58' title='bbox 1343 896 1560 949; x_wconf 87' lang='lat' dir='ltr'>quorum</span> <span class='ocrx_word' id='word_1_59' title='bbox 1581 877 1690 931; x_wconf 84' lang='lat' dir='ltr'>loca</span> <span class='ocrx_word' id='word_1_60' title='bbox 1710 879 1952 950; x_wconf 85' lang='lat' dir='ltr'>quaedam</span> <span class='ocrx_word' id='word_1_61' title='bbox 1974 881 2109 951; x_wconf 89' lang='lat' dir='ltr'>posui</span> <span class='ocrx_word' id='word_1_62' title='bbox 2130 882 2192 935; x_wconf 86' lang='lat' dir='ltr'>ad</span> 
     </span>
     <span class='ocr_line' id='line_1_10' title="bbox 245 947 2137 1024; baseline 0.001 -19"><span class='ocrx_word' id='word_1_63' title='bbox 245 947 519 1005; x_wconf 75' lang='lat' dir='ltr'><em>Aelianum</em></span> <span class='ocrx_word' id='word_1_64' title='bbox 535 958 678 1006; x_wconf 77' lang='lat' dir='ltr'><strong>XVII.</strong></span> <span class='ocrx_word' id='word_1_65' title='bbox 699 971 836 1024; x_wconf 54' lang='lat'>1521).</span> <span class='ocrx_word' id='word_1_66' title='bbox 854 971 973 1017; x_wconf 83' lang='lat'><em>540.</em></span> <span class='ocrx_word' id='word_1_67' title='bbox 1008 952 1146 1005; x_wconf 80' lang='lat' dir='ltr'>Plura</span> <span class='ocrx_word' id='word_1_68' title='bbox 1164 955 1215 1004; x_wconf 90' lang='lat' dir='ltr'>in</span> <span class='ocrx_word' id='word_1_69' title='bbox 1228 953 1439 1005; x_wconf 85' lang='lat' dir='ltr'>Historia</span> <span class='ocrx_word' id='word_1_70' title='bbox 1459 952 1746 1005; x_wconf 85' lang='lat' dir='ltr'>animalium</span> <span class='ocrx_word' id='word_1_71' title='bbox 1766 969 2137 1009; x_wconf 80' lang='lat' dir='ltr'>venenatorum.</span> 
     </span>
    </p>

    <p class='ocr_par' dir='ltr' id='par_1_7' title="bbox 244 1025 2189 1248">
     <span class='ocr_line' id='line_1_11' title="bbox 396 1025 2189 1097; baseline 0.002 -17"><span class='ocrx_word' id='word_1_72' title='bbox 396 1027 802 1090; x_wconf 77' lang='lat' dir='ltr'>Tetrodmitum,</span> <span class='ocrx_word' id='word_1_73' title='bbox 866 1045 1126 1097; x_wconf 86' lang='lat' dir='ltr'>percarum</span> <span class='ocrx_word' id='word_1_74' title='bbox 1157 1025 1469 1097; x_wconf 80' lang='lat' dir='ltr'>aliorumque</span> <span class='ocrx_word' id='word_1_75' title='bbox 1501 1027 1708 1096; x_wconf 83' lang='lat' dir='ltr'>piscium</span> <span class='ocrx_word' id='word_1_76' title='bbox 1745 1030 1962 1091; x_wconf 75' lang='lat' dir='ltr'>jecinora</span> <span class='ocrx_word' id='word_1_77' title='bbox 1993 1025 2189 1093; x_wconf 82' lang='lat' dir='ltr'>veneno</span> 
     </span>
     <span class='ocr_line' id='line_1_12' title="bbox 247 1097 2189 1174; baseline 0.003 -21"><span class='ocrx_word' id='word_1_78' title='bbox 247 1097 448 1163; x_wconf 55' lang='lat' dir='ltr'>infeffia,</span> <span class='ocrx_word' id='word_1_79' title='bbox 498 1102 680 1174; x_wconf 86' lang='lat' dir='ltr'>reliqua</span> <span class='ocrx_word' id='word_1_80' title='bbox 712 1120 856 1156; x_wconf 85' lang='lat' dir='ltr'>carne</span> <span class='ocrx_word' id='word_1_81' title='bbox 885 1104 1116 1163; x_wconf 79' lang='lat' dir='ltr'>innoxia,</span> <span class='ocrx_word' id='word_1_82' title='bbox 1165 1104 1215 1153; x_wconf 91' lang='lat' dir='ltr'>in</span> <span class='ocrx_word' id='word_1_83' title='bbox 1243 1099 1480 1171; x_wconf 82' lang='lat' dir='ltr'>exemplis</span> <span class='ocrx_word' id='word_1_84' title='bbox 1512 1100 1671 1172; x_wconf 83' lang='lat' dir='ltr'>posuit</span> <span class='ocrx_word' id='word_1_85' title='bbox 1700 1097 1926 1173; x_wconf 73' lang='lat' dir='ltr'>Sclzoepf</span> <span class='ocrx_word' id='word_1_86' title='bbox 1952 1107 2189 1158; x_wconf 78' lang='lat' dir='ltr'>itinerarii</span> 
     </span>
     <span class='ocr_line' id='line_1_13' title="bbox 244 1175 1071 1248; baseline 0 -21"><span class='ocrx_word' id='word_1_87' title='bbox 244 1175 536 1228; x_wconf 86' lang='lat' dir='ltr'>Americani</span> <span class='ocrx_word' id='word_1_88' title='bbox 560 1182 625 1228; x_wconf 88' lang='lat' dir='ltr'>T.</span> <span class='ocrx_word' id='word_1_89' title='bbox 649 1182 715 1229; x_wconf 73' lang='lat'>11:</span> <span class='ocrx_word' id='word_1_90' title='bbox 727 1197 772 1247; x_wconf 91' lang='lat' dir='ltr'>p.</span> <span class='ocrx_word' id='word_1_91' title='bbox 804 1196 921 1240; x_wconf 86' lang='lat'>301.</span> <span class='ocrx_word' id='word_1_92' title='bbox 941 1178 1071 1248; x_wconf 86' lang='lat' dir='ltr'>seqq.</span> 
     </span>
    </p>

    <p class='ocr_par' dir='ltr' id='par_1_8' title="bbox 238 1248 2186 1618">
     <span class='ocr_line' id='line_1_14' title="bbox 394 1248 2186 1322; baseline 0.002 -19"><span class='ocrx_word' id='word_1_93' title='bbox 394 1251 604 1303; x_wconf 79' lang='lat' dir='ltr'>Causam</span> <span class='ocrx_word' id='word_1_94' title='bbox 635 1255 979 1322; x_wconf 80' lang='lat' dir='ltr'>rationemque</span> <span class='ocrx_word' id='word_1_95' title='bbox 1007 1252 1232 1320; x_wconf 83' lang='lat' dir='ltr'>propriae</span> <span class='ocrx_word' id='word_1_96' title='bbox 1259 1248 1448 1318; x_wconf 86' lang='lat' dir='ltr'>hepatis</span> <span class='ocrx_word' id='word_1_97' title='bbox 1479 1262 1678 1301; x_wconf 86' lang='lat' dir='ltr'>naturae</span> <span class='ocrx_word' id='word_1_98' title='bbox 1708 1251 1759 1301; x_wconf 89' lang='lat' dir='ltr'>in</span> <span class='ocrx_word' id='word_1_99' title='bbox 1786 1248 2186 1321; x_wconf 82' lang='lat' dir='ltr'>quadrupedibus</span> 
     </span>
     <span class='ocr_line' id='line_1_15' title="bbox 241 1321 2185 1397; baseline 0.002 -20"><span class='ocrx_word' id='word_1_100' title='bbox 241 1325 453 1391; x_wconf 87' lang='lat' dir='ltr'>oviparis</span> <span class='ocrx_word' id='word_1_101' title='bbox 476 1324 770 1396; x_wconf 83' lang='lat' dir='ltr'>quibusdam</span> <span class='ocrx_word' id='word_1_102' title='bbox 792 1329 997 1397; x_wconf 73' lang='lat' dir='ltr'>(aquam</span> <span class='ocrx_word' id='word_1_103' title='bbox 1028 1338 1080 1377; x_wconf 82' lang='lat' dir='ltr'>ut</span> <span class='ocrx_word' id='word_1_104' title='bbox 1108 1324 1300 1376; x_wconf 88' lang='lat' dir='ltr'>videtur</span> <span class='ocrx_word' id='word_1_105' title='bbox 1328 1321 1686 1389; x_wconf 81' lang='lat' dir='ltr'>habitantibus)</span> <span class='ocrx_word' id='word_1_106' title='bbox 1714 1322 1952 1393; x_wconf 75' lang='lat' dir='ltr'>piscibu8‚</span> <span class='ocrx_word' id='word_1_107' title='bbox 1994 1339 2043 1377; x_wconf 90' lang='lat' dir='ltr'>et</span> <span class='ocrx_word' id='word_1_108' title='bbox 2067 1345 2185 1381; x_wconf 88' lang='lat' dir='ltr'>cum</span> 
     </span>
     <span class='ocr_line' id='line_1_16' title="bbox 238 1396 2186 1471; baseline 0.002 -22"><span class='ocrx_word' id='word_1_109' title='bbox 238 1399 298 1449; x_wconf 86' lang='lat' dir='ltr'>iis</span> <span class='ocrx_word' id='word_1_110' title='bbox 320 1415 598 1471; x_wconf 78' lang='lat' dir='ltr'>eorumque</span> <span class='ocrx_word' id='word_1_111' title='bbox 618 1398 752 1454; x_wconf 56' lang='lat' dir='ltr'>viciu</span> <span class='ocrx_word' id='word_1_112' title='bbox 771 1403 823 1452; x_wconf 80' lang='lat' dir='ltr'>in</span> <span class='ocrx_word' id='word_1_113' title='bbox 843 1418 965 1471; x_wconf 75' lang='lat' dir='ltr'>aqua</span> <span class='ocrx_word' id='word_1_114' title='bbox 997 1396 1286 1466; x_wconf 74' lang='lat' dir='ltr'>degentibus</span> <span class='ocrx_word' id='word_1_115' title='bbox 1317 1396 1741 1468; x_wconf 85' lang='lat' dir='ltr'>quadrupedibus,</span> <span class='ocrx_word' id='word_1_116' title='bbox 1782 1399 1892 1453; x_wconf 80' lang='lat' dir='ltr'>urso</span> <span class='ocrx_word' id='word_1_117' title='bbox 1918 1403 2115 1455; x_wconf 83' lang='lat' dir='ltr'>marino</span> <span class='ocrx_word' id='word_1_118' title='bbox 2136 1414 2186 1453; x_wconf 83' lang='lat' dir='ltr'>et</span> 
     </span>
     <span class='ocr_line' id='line_1_17' title="bbox 239 1468 2182 1545; baseline 0.003 -23"><span class='ocrx_word' id='word_1_119' title='bbox 239 1468 391 1534; x_wconf 83' lang='lat' dir='ltr'>lutra,</span> <span class='ocrx_word' id='word_1_120' title='bbox 432 1477 678 1545; x_wconf 87' lang='lat' dir='ltr'>inquirent</span> <span class='ocrx_word' id='word_1_121' title='bbox 702 1478 789 1526; x_wconf 73' lang='lat' dir='ltr'>viri</span> <span class='ocrx_word' id='word_1_122' title='bbox 814 1473 973 1536; x_wconf 60' lang='lat' dir='ltr'>doch,</span> <span class='ocrx_word' id='word_1_123' title='bbox 1011 1492 1139 1545; x_wconf 86' lang='lat' dir='ltr'>quos</span> <span class='ocrx_word' id='word_1_124' title='bbox 1158 1469 1350 1525; x_wconf 72' lang='lat' dir='ltr'>fortasse</span> <span class='ocrx_word' id='word_1_125' title='bbox 1373 1471 1495 1524; x_wconf 87' lang='lat' dir='ltr'>haec</span> <span class='ocrx_word' id='word_1_126' title='bbox 1513 1472 1606 1541; x_wconf 71' lang='lat' dir='ltr'>ipsa</span> <span class='ocrx_word' id='word_1_127' title='bbox 1628 1473 1934 1540; x_wconf 83' lang='lat' dir='ltr'>investigatio</span> <span class='ocrx_word' id='word_1_128' title='bbox 1956 1473 2018 1543; x_wconf 82' lang='lat' dir='ltr'>ad</span> <span class='ocrx_word' id='word_1_129' title='bbox 2036 1492 2182 1528; x_wconf 84' lang='lat' dir='ltr'>accu-</span> 
     </span>
     <span class='ocr_line' id='line_1_18' title="bbox 240 1546 2071 1618; baseline 0.001 -20"><span class='ocrx_word' id='word_1_130' title='bbox 240 1549 476 1599; x_wconf 83' lang='lat' dir='ltr'>ratiorem</span> <span class='ocrx_word' id='word_1_131' title='bbox 496 1552 830 1602; x_wconf 80' lang='lat' dir='ltr'>oeconomiae</span> <span class='ocrx_word' id='word_1_132' title='bbox 852 1549 1070 1601; x_wconf 83' lang='lat' dir='ltr'>animalis</span> <span class='ocrx_word' id='word_1_133' title='bbox 1094 1548 1297 1618; x_wconf 82' lang='lat' dir='ltr'>piscium</span> <span class='ocrx_word' id='word_1_134' title='bbox 1321 1549 1661 1613; x_wconf 81' lang='lat' dir='ltr'>cognitionem</span> <span class='ocrx_word' id='word_1_135' title='bbox 1683 1546 1931 1615; x_wconf 87' lang='lat' dir='ltr'>perducet.</span> <span class='ocrx_word' id='word_1_136' title='bbox 2063 1562 2071 1566; x_wconf 87' lang='grc'><strong><em>·</em></strong></span> 
     </span>
    </p>

    <p class='ocr_par' dir='ltr' id='par_1_9' title="bbox 235 1619 2184 1767">
     <span class='ocr_line' id='line_1_19' title="bbox 390 1619 2181 1692; baseline 0.002 -18"><span class='ocrx_word' id='word_1_137' title='bbox 390 1626 469 1673; x_wconf 90' lang='lat' dir='ltr'>De</span> <span class='ocrx_word' id='word_1_138' title='bbox 489 1622 665 1692; x_wconf 79' lang='lat' dir='ltr'>hepate-</span> <span class='ocrx_word' id='word_1_139' title='bbox 688 1624 864 1675; x_wconf 80' lang='lat' dir='ltr'>addam</span> <span class='ocrx_word' id='word_1_140' title='bbox 887 1622 1282 1677; x_wconf 83' lang='lat' dir='ltr'>observationem</span> <span class='ocrx_word' id='word_1_141' title='bbox 1302 1624 1393 1674; x_wconf 91' lang='lat' dir='ltr'>viri</span> <span class='ocrx_word' id='word_1_142' title='bbox 1413 1619 1547 1673; x_wconf 65' lang='lat' dir='ltr'>docti</span> <span class='ocrx_word' id='word_1_143' title='bbox 1567 1638 1628 1673; x_wconf 84' lang='lat' dir='ltr'>ex</span> <span class='ocrx_word' id='word_1_144' title='bbox 1648 1619 1775 1675; x_wconf 90' lang='lat' dir='ltr'>libro</span> <span class='ocrx_word' id='word_1_145' title='bbox 1797 1619 2071 1677; x_wconf 83' lang='lat' dir='ltr'>britannico</span> <span class='ocrx_word' id='word_1_146' title='bbox 2091 1619 2181 1677; x_wconf 72' lang='lat' dir='ltr'>An</span> 
     </span>
     <span class='ocr_line' id='line_1_20' title="bbox 235 1689 2184 1767; baseline 0.004 -21"><span class='ocrx_word' id='word_1_147' title='bbox 235 1689 395 1766; x_wconf 71' lang='lat' dir='ltr'>Efflzy</span> <span class='ocrx_word' id='word_1_148' title='bbox 425 1712 487 1748; x_wconf 75' lang='lat' dir='ltr'>on</span> <span class='ocrx_word' id='word_1_149' title='bbox 513 1694 875 1767; x_wconf 65' lang='lat' dir='ltr'>Comparative</span> <span class='ocrx_word' id='word_1_150' title='bbox 904 1694 1167 1767; x_wconf 46' lang='lat' dir='ltr'>Amatam-27</span> <span class='ocrx_word' id='word_1_151' title='bbox 1193 1694 1409 1749; x_wconf 88' lang='lat' dir='ltr'>London</span> <span class='ocrx_word' id='word_1_152' title='bbox 1443 1713 1582 1760; x_wconf 82' lang='lat'>1744</span> <span class='ocrx_word' id='word_1_153' title='bbox 1611 1693 1695 1748; x_wconf 89' lang='lat' dir='ltr'>ubi</span> <span class='ocrx_word' id='word_1_154' title='bbox 1714 1695 1776 1748; x_wconf 89' lang='lat' dir='ltr'>de</span> <span class='ocrx_word' id='word_1_155' title='bbox 1796 1694 1930 1750; x_wconf 86' lang='lat' dir='ltr'>fibris</span> <span class='ocrx_word' id='word_1_156' title='bbox 1949 1699 2013 1749; x_wconf 86' lang='lat' dir='ltr'>ita</span> <span class='ocrx_word' id='word_1_157' title='bbox 2037 1697 2184 1754; x_wconf 83' lang='lat' dir='ltr'>tradit</span> 
     </span>
    </p>

    <p class='ocr_par' dir='ltr' id='par_1_10' title="bbox 227 1784 2182 2268">
     <span class='ocr_line' id='line_1_21' title="bbox 275 1784 1478 1833; baseline 0.002 -15"><span class='ocrx_word' id='word_1_158' title='bbox 275 1808 286 1818; x_wconf 89' lang='lat'><strong>.</strong></span> <span class='ocrx_word' id='word_1_159' title='bbox 321 1784 437 1833; x_wconf 80' lang='lat'><em>127.</em></span> <span class='ocrx_word' id='word_1_160' title='bbox 1474 1791 1478 1794; x_wconf 86' lang='lat'><strong>·</strong></span> 
     </span>
     <span class='ocr_line' id='line_1_22' title="bbox 235 1785 2182 1914; baseline 0.001 -18"><span class='ocrx_word' id='word_1_161' title='bbox 235 1785 271 1837; x_wconf 75' lang='lat' dir='ltr'><strong>P</strong></span> <span class='ocrx_word' id='word_1_162' title='bbox 328 1871 331 1873; x_wconf 93' lang='lat'>·</span> <span class='ocrx_word' id='word_1_163' title='bbox 387 1839 545 1897; x_wconf 65' lang='lat' dir='ltr'>Noae</span> <span class='ocrx_word' id='word_1_164' title='bbox 573 1841 700 1898; x_wconf 75' lang='lat' dir='ltr'>have</span> <span class='ocrx_word' id='word_1_165' title='bbox 734 1840 1026 1914; x_wconf 77' lang='lat' dir='ltr'>difiovered</span> <span class='ocrx_word' id='word_1_166' title='bbox 1048 1859 1152 1914; x_wconf 71' lang='lat' dir='ltr'>any</span> <span class='ocrx_word' id='word_1_167' title='bbox 1179 1837 1352 1912; x_wconf 69' lang='lat' dir='ltr'>cavity</span> <span class='ocrx_word' id='word_1_168' title='bbox 1370 1837 1424 1895; x_wconf 76' lang='lat' dir='ltr'>in</span> <span class='ocrx_word' id='word_1_169' title='bbox 1454 1837 1587 1912; x_wconf 78' lang='lat' dir='ltr'>tlzese</span> <span class='ocrx_word' id='word_1_170' title='bbox 1616 1837 1769 1899; x_wconf 78' lang='lat' dir='ltr'>cords</span> <span class='ocrx_word' id='word_1_171' title='bbox 1801 1845 1964 1909; x_wconf 82' lang='lat' dir='ltr'>(antea</span> <span class='ocrx_word' id='word_1_172' title='bbox 1993 1844 2182 1898; x_wconf 82' lang='lat' dir='ltr'>dixerat</span> 
     </span>
     <span class='ocr_line' id='line_1_23' title="bbox 227 1910 2182 1989; baseline 0.004 -24"><span class='ocrx_word' id='word_1_173' title='bbox 227 1911 541 1985; x_wconf 66' lang='lat' dir='ltr'>somefibres</span> <span class='ocrx_word' id='word_1_174' title='bbox 561 1934 651 1970; x_wconf 69' lang='lat' dir='ltr'>are</span> <span class='ocrx_word' id='word_1_175' title='bbox 662 1914 1076 1988; x_wconf 55' lang='lat' dir='ltr'>stretchedjrom</span> <span class='ocrx_word' id='word_1_176' title='bbox 1104 1911 1186 1969; x_wconf 69' lang='lat' dir='ltr'>tlte</span> <span class='ocrx_word' id='word_1_177' title='bbox 1205 1913 1334 1968; x_wconf 80' lang='lat' dir='ltr'>liver</span> <span class='ocrx_word' id='word_1_178' title='bbox 1354 1920 1407 1966; x_wconf 83' lang='lat' dir='ltr'>to</span> <span class='ocrx_word' id='word_1_179' title='bbox 1430 1911 1513 1968; x_wconf 76' lang='lat' dir='ltr'>the</span> <span class='ocrx_word' id='word_1_180' title='bbox 1525 1912 1644 1986; x_wconf 81' lang='lat' dir='ltr'>gall</span> <span class='ocrx_word' id='word_1_181' title='bbox 1659 1910 1896 1982; x_wconf 74' lang='lat' dir='ltr'>bladder)</span> <span class='ocrx_word' id='word_1_182' title='bbox 1912 1915 1979 1989; x_wconf 87' lang='lat' dir='ltr'>so</span> <span class='ocrx_word' id='word_1_183' title='bbox 2001 1918 2054 1972; x_wconf 71' lang='lat' dir='ltr'>in</span> <span class='ocrx_word' id='word_1_184' title='bbox 2076 1915 2182 1972; x_wconf 69' lang='lat' dir='ltr'>this</span> 
     </span>
     <span class='ocr_line' id='line_1_24' title="bbox 238 1983 2180 2063; baseline 0.002 -22"><span class='ocrx_word' id='word_1_185' title='bbox 238 1986 455 2043; x_wconf 53' lang='lat' dir='ltr'>animali*</span> <span class='ocrx_word' id='word_1_186' title='bbox 475 1987 724 2062; x_wconf 68' lang='lat' dir='ltr'>icslzould</span> <span class='ocrx_word' id='word_1_187' title='bbox 734 1990 868 2063; x_wconf 80' lang='lat' dir='ltr'>seem</span> <span class='ocrx_word' id='word_1_188' title='bbox 890 1986 1151 2062; x_wconf 73' lang='lat' dir='ltr'>impoffible</span> <span class='ocrx_word' id='word_1_189' title='bbox 1174 1985 1290 2042; x_wconf 70' lang='lat' dir='ltr'>that</span> <span class='ocrx_word' id='word_1_190' title='bbox 1308 1984 1392 2041; x_wconf 77' lang='lat' dir='ltr'>tlze</span> <span class='ocrx_word' id='word_1_191' title='bbox 1417 1983 1512 2042; x_wconf 77' lang='lat' dir='ltr'>hile</span> <span class='ocrx_word' id='word_1_192' title='bbox 1545 2005 1638 2042; x_wconf 74' lang='lat' dir='ltr'>can</span> <span class='ocrx_word' id='word_1_193' title='bbox 1668 1983 1724 2043; x_wconf 77' lang='lat' dir='ltr'>he</span> <span class='ocrx_word' id='word_1_194' title='bbox 1743 1987 1952 2044; x_wconf 71' lang='lat' dir='ltr'>carried</span> <span class='ocrx_word' id='word_1_195' title='bbox 1969 1988 2077 2045; x_wconf 71' lang='lat' dir='ltr'>into</span> <span class='ocrx_word' id='word_1_196' title='bbox 2097 1988 2180 2045; x_wconf 65' lang='lat' dir='ltr'>tlte</span> 
     </span>
     <span class='ocr_line' id='line_1_25' title="bbox 234 2059 2178 2139; baseline 0.003 -24"><span class='ocrx_word' id='word_1_197' title='bbox 234 2060 561 2132; x_wconf 72' lang='lat' dir='ltr'>gallbladder</span> <span class='ocrx_word' id='word_1_198' title='bbox 579 2063 631 2118; x_wconf 76' lang='lat' dir='ltr'>in</span> <span class='ocrx_word' id='word_1_199' title='bbox 651 2062 735 2120; x_wconf 70' lang='lat' dir='ltr'>tlte</span> <span class='ocrx_word' id='word_1_200' title='bbox 755 2062 1009 2138; x_wconf 68' lang='lat' dir='ltr'>ordinary</span> <span class='ocrx_word' id='word_1_201' title='bbox 1035 2081 1157 2136; x_wconf 70' lang='lat' dir='ltr'>way</span> <span class='ocrx_word' id='word_1_202' title='bbox 1188 2060 1295 2116; x_wconf 72' lang='lat' dir='ltr'>mid</span> <span class='ocrx_word' id='word_1_203' title='bbox 1321 2059 1668 2135; x_wconf 58' lang='lat' dir='ltr'>consequent&amp;</span> <span class='ocrx_word' id='word_1_204' title='bbox 1699 2062 1824 2135; x_wconf 70' lang='lat' dir='ltr'>uzust</span> <span class='ocrx_word' id='word_1_205' title='bbox 1854 2061 2014 2119; x_wconf 69' lang='lat' dir='ltr'>either</span> <span class='ocrx_word' id='word_1_206' title='bbox 2034 2061 2178 2139; x_wconf 74' lang='lat' dir='ltr'>befi’-</span> 
     </span>
     <span class='ocr_line' id='line_1_26' title="bbox 238 2134 2178 2267; baseline 0.002 -78"><span class='ocrx_word' id='word_1_207' title='bbox 238 2137 421 2267; x_wconf 55' lang='grc' dir='ltr'><em>εῗνφῖρῖ</em></span> <span class='ocrx_word' id='word_1_208' title='bbox 438 2156 501 2192; x_wconf 75' lang='lat' dir='ltr'>on</span> <span class='ocrx_word' id='word_1_209' title='bbox 523 2136 743 2210; x_wconf 77' lang='lat' dir='ltr'>tlzestdes</span> <span class='ocrx_word' id='word_1_210' title='bbox 762 2136 1055 2212; x_wconf 71' lang='lat' dir='ltr'>oftlzatsac</span> <span class='ocrx_word' id='word_1_211' title='bbox 1075 2156 1137 2192; x_wconf 79' lang='lat' dir='ltr'>or</span> <span class='ocrx_word' id='word_1_212' title='bbox 1158 2134 1491 2209; x_wconf 72' lang='lat' dir='ltr'>regurgitate</span> <span class='ocrx_word' id='word_1_213' title='bbox 1520 2135 1629 2191; x_wconf 75' lang='lat' dir='ltr'>into</span> <span class='ocrx_word' id='word_1_214' title='bbox 1651 2134 1694 2190; x_wconf 79' lang='lat' dir='ltr'>it</span> <span class='ocrx_word' id='word_1_215' title='bbox 1704 2136 1855 2210; x_wconf 76' lang='lat' dir='ltr'>from</span> <span class='ocrx_word' id='word_1_216' title='bbox 1881 2135 1962 2193; x_wconf 71' lang='lat' dir='ltr'>tlze</span> <span class='ocrx_word' id='word_1_217' title='bbox 1987 2136 2178 2195; x_wconf 66' lang='lat' dir='ltr'>canalis</span> 
     </span>
     <span class='ocr_line' id='line_1_27' title="bbox 235 2211 572 2268; baseline 0.012 -4"><span class='ocrx_word' id='word_1_218' title='bbox 235 2227 261 2264; x_wconf 89' lang='lat' dir='ltr'>c</span> <span class='ocrx_word' id='word_1_219' title='bbox 278 2228 326 2264; x_wconf 88' lang='lat'>10</span> <span class='ocrx_word' id='word_1_220' title='bbox 347 2230 386 2267; x_wconf 79' lang='lat' dir='ltr'>ec</span> <span class='ocrx_word' id='word_1_221' title='bbox 407 2211 572 2268; x_wconf 65' lang='lat' dir='ltr'>ochus.</span> 
     </span>
    </p>
   </div>
   <div class='ocr_carea' id='block_1_6' title="bbox 1021 2323 1405 2393">
    <p class='ocr_par' dir='ltr' id='par_1_11' title="bbox 1021 2323 1405 2393">
     <span class='ocr_line' id='line_1_28' title="bbox 1021 2323 1405 2393; baseline -0.005 -16"><span class='ocrx_word' id='word_1_222' title='bbox 1021 2323 1106 2377; x_wconf 81' lang='lat' dir='ltr'>Ad</span> <span class='ocrx_word' id='word_1_223' title='bbox 1141 2340 1250 2393; x_wconf 84' lang='lat' dir='ltr'>pag.</span> <span class='ocrx_word' id='word_1_224' title='bbox 1285 2340 1306 2373; x_wconf 91' lang='lat'>1</span> <span class='ocrx_word' id='word_1_225' title='bbox 1321 2339 1405 2387; x_wconf 83' lang='lat'>24·</span> 
     </span>
    </p>
   </div>
   <div class='ocr_carea' id='block_1_7' title="bbox 237 2426 2186 3098">
    <p class='ocr_par' dir='ltr' id='par_1_12' title="bbox 238 2426 2183 2801">
     <span class='ocr_line' id='line_1_29' title="bbox 390 2426 2183 2504; baseline 0 -18"><span class='ocrx_word' id='word_1_226' title='bbox 390 2437 470 2486; x_wconf 90' lang='lat' dir='ltr'>De</span> <span class='ocrx_word' id='word_1_227' title='bbox 499 2433 663 2504; x_wconf 79' lang='lat' dir='ltr'>eliope</span> <span class='ocrx_word' id='word_1_228' title='bbox 696 2433 837 2488; x_wconf 86' lang='lat' dir='ltr'>locus</span> <span class='ocrx_word' id='word_1_229' title='bbox 876 2432 1093 2488; x_wconf 71' lang='lat' dir='ltr'>classicus</span> <span class='ocrx_word' id='word_1_230' title='bbox 1132 2435 1200 2486; x_wconf 90' lang='lat' dir='ltr'>est</span> <span class='ocrx_word' id='word_1_231' title='bbox 1227 2426 1554 2501; x_wconf 71' lang='lat' dir='ltr'>Archcstrati</span> <span class='ocrx_word' id='word_1_232' title='bbox 1580 2429 1710 2501; x_wconf 83' lang='lat' dir='ltr'>apud</span> <span class='ocrx_word' id='word_1_233' title='bbox 1739 2427 2053 2486; x_wconf 62' lang='lat' dir='ltr'>Athewaemn</span> <span class='ocrx_word' id='word_1_234' title='bbox 2083 2436 2183 2488; x_wconf 81' lang='lat' dir='ltr'>Vn.</span> 
     </span>
     <span class='ocr_line' id='line_1_30' title="bbox 240 2505 2183 2579; baseline 0.001 -19"><span class='ocrx_word' id='word_1_235' title='bbox 240 2525 286 2578; x_wconf 93' lang='lat' dir='ltr'>p.</span> <span class='ocrx_word' id='word_1_236' title='bbox 315 2524 431 2568; x_wconf 84' lang='lat'><em>300.</em></span> <span class='ocrx_word' id='word_1_237' title='bbox 461 2506 550 2561; x_wconf 86' lang='lat' dir='ltr'>ubi</span> <span class='ocrx_word' id='word_1_238' title='bbox 580 2510 928 2576; x_wconf 68' lang='lat' dir='ltr'>Syracusanum</span> <span class='ocrx_word' id='word_1_239' title='bbox 962 2507 1180 2578; x_wconf 83' lang='lat' dir='ltr'>ellopem</span> <span class='ocrx_word' id='word_1_240' title='bbox 1210 2510 1446 2559; x_wconf 85' lang='lat' dir='ltr'>omnium</span> <span class='ocrx_word' id='word_1_241' title='bbox 1478 2508 1728 2575; x_wconf 87' lang='lat' dir='ltr'>optimum</span> <span class='ocrx_word' id='word_1_242' title='bbox 1758 2510 2002 2579; x_wconf 87' lang='lat' dir='ltr'>marisque</span> <span class='ocrx_word' id='word_1_243' title='bbox 2035 2505 2183 2562; x_wconf 84' lang='lat' dir='ltr'>Siculi</span> 
     </span>
     <span class='ocr_line' id='line_1_31' title="bbox 243 2581 2182 2655; baseline 0 -20"><span class='ocrx_word' id='word_1_244' title='bbox 243 2582 529 2650; x_wconf 82' lang='lat' dir='ltr'>indigenam</span> <span class='ocrx_word' id='word_1_245' title='bbox 561 2584 830 2653; x_wconf 56' lang='lat' dir='ltr'>praedicam</span> <span class='ocrx_word' id='word_1_246' title='bbox 896 2581 1112 2655; x_wconf 86' lang='lat' dir='ltr'>reliquos</span> <span class='ocrx_word' id='word_1_247' title='bbox 1142 2600 1262 2635; x_wconf 89' lang='lat' dir='ltr'>vero</span> <span class='ocrx_word' id='word_1_248' title='bbox 1291 2598 1495 2642; x_wconf 80' lang='lat' dir='ltr'>omnes,</span> <span class='ocrx_word' id='word_1_249' title='bbox 1558 2583 1843 2651; x_wconf 83' lang='lat' dir='ltr'>quicunque</span> <span class='ocrx_word' id='word_1_250' title='bbox 1874 2585 2002 2634; x_wconf 88' lang='lat' dir='ltr'>circa</span> <span class='ocrx_word' id='word_1_251' title='bbox 2034 2588 2182 2635; x_wconf 87' lang='lat' dir='ltr'>maris</span> 
     </span>
     <span class='ocr_line' id='line_1_32' title="bbox 241 2655 2182 2725; baseline 0.002 -17"><span class='ocrx_word' id='word_1_252' title='bbox 241 2656 416 2710; x_wconf 71' lang='lat' dir='ltr'>insulas</span> <span class='ocrx_word' id='word_1_253' title='bbox 435 2673 519 2709; x_wconf 87' lang='lat' dir='ltr'>aut</span> <span class='ocrx_word' id='word_1_254' title='bbox 540 2662 665 2711; x_wconf 87' lang='lat' dir='ltr'>circa</span> <span class='ocrx_word' id='word_1_255' title='bbox 690 2661 890 2712; x_wconf 80' lang='lat' dir='ltr'>Cretam</span> <span class='ocrx_word' id='word_1_256' title='bbox 921 2656 1098 2711; x_wconf 80' lang='lat' dir='ltr'>aliasve</span> <span class='ocrx_word' id='word_1_257' title='bbox 1128 2671 1275 2709; x_wconf 83' lang='lat' dir='ltr'>terras</span> <span class='ocrx_word' id='word_1_258' title='bbox 1307 2657 1582 2725; x_wconf 82' lang='lat' dir='ltr'>capiantur,</span> <span class='ocrx_word' id='word_1_259' title='bbox 1621 2667 1791 2724; x_wconf 85' lang='lat' dir='ltr'>utpote</span> <span class='ocrx_word' id='word_1_260' title='bbox 1812 2672 1840 2708; x_wconf 94' lang='lat' dir='ltr'>e</span> <span class='ocrx_word' id='word_1_261' title='bbox 1862 2655 2027 2709; x_wconf 86' lang='lat' dir='ltr'>Siculo</span> <span class='ocrx_word' id='word_1_262' title='bbox 2060 2661 2182 2713; x_wconf 88' lang='lat' dir='ltr'>mari</span> 
     </span>
     <span class='ocr_line' id='line_1_33' title="bbox 238 2727 2156 2801; baseline 0 -18"><span class='ocrx_word' id='word_1_263' title='bbox 238 2729 505 2801; x_wconf 64' lang='lat' dir='ltr'>profeROS,</span> <span class='ocrx_word' id='word_1_264' title='bbox 524 2731 678 2801; x_wconf 83' lang='lat' dir='ltr'>longo</span> <span class='ocrx_word' id='word_1_265' title='bbox 698 2737 873 2786; x_wconf 90' lang='lat' dir='ltr'>itinere</span> <span class='ocrx_word' id='word_1_266' title='bbox 890 2729 1191 2799; x_wconf 77' lang='lat' dir='ltr'>defatigatOS,</span> <span class='ocrx_word' id='word_1_267' title='bbox 1213 2728 1501 2782; x_wconf 79' lang='lat' dir='ltr'>macilentos</span> <span class='ocrx_word' id='word_1_268' title='bbox 1523 2742 1572 2781; x_wconf 91' lang='lat' dir='ltr'>et</span> <span class='ocrx_word' id='word_1_269' title='bbox 1590 2727 1798 2781; x_wconf 86' lang='lat' dir='ltr'>durioris</span> <span class='ocrx_word' id='word_1_270' title='bbox 1821 2733 1976 2783; x_wconf 85' lang='lat' dir='ltr'>carnis</span> <span class='ocrx_word' id='word_1_271' title='bbox 1999 2730 2107 2783; x_wconf 89' lang='lat' dir='ltr'>esse.</span> <span class='ocrx_word' id='word_1_272' title='bbox 2153 2787 2156 2791; x_wconf 57' lang='grc'>,</span> 
     </span>
    </p>

    <p class='ocr_par' dir='ltr' id='par_1_13' title="bbox 237 2801 2186 3098">
     <span class='ocr_line' id='line_1_34' title="bbox 386 2801 2182 2877; baseline -0.001 -19"><span class='ocrx_word' id='word_1_273' title='bbox 386 2807 697 2876; x_wconf 86' lang='lat' dir='ltr'>Acipenseris</span> <span class='ocrx_word' id='word_1_274' title='bbox 712 2826 901 2861; x_wconf 88' lang='lat' dir='ltr'>nomen</span> <span class='ocrx_word' id='word_1_275' title='bbox 921 2805 1138 2858; x_wconf 81' lang='lat' dir='ltr'>Italicum</span> <span class='ocrx_word' id='word_1_276' title='bbox 1157 2804 1497 2877; x_wconf 71' lang='lat' dir='ltr'>antiquissimis</span> <span class='ocrx_word' id='word_1_277' title='bbox 1507 2805 1606 2868; x_wconf 78' lang='lat' dir='ltr'>iam</span> <span class='ocrx_word' id='word_1_278' title='bbox 1618 2801 1926 2873; x_wconf 86' lang='lat' dir='ltr'>temporibus</span> <span class='ocrx_word' id='word_1_279' title='bbox 1939 2821 2026 2874; x_wconf 90' lang='lat' dir='ltr'>per</span> <span class='ocrx_word' id='word_1_280' title='bbox 2043 2810 2182 2858; x_wconf 87' lang='lat' dir='ltr'>com-</span> 
     </span>
     <span class='ocr_line' id='line_1_35' title="bbox 238 2876 2182 2954; baseline 0.001 -24"><span class='ocrx_word' id='word_1_281' title='bbox 238 2883 424 2931; x_wconf 88' lang='lat' dir='ltr'>mercia</span> <span class='ocrx_word' id='word_1_282' title='bbox 445 2898 541 2933; x_wconf 84' lang='lat' dir='ltr'>una</span> <span class='ocrx_word' id='word_1_283' title='bbox 566 2881 898 2954; x_wconf 75' lang='lat' dir='ltr'>cum&#39;reliquis</span> <span class='ocrx_word' id='word_1_284' title='bbox 920 2878 1130 2951; x_wconf 85' lang='lat' dir='ltr'>piscibus</span> <span class='ocrx_word' id='word_1_285' title='bbox 1153 2879 1244 2932; x_wconf 75' lang='lat' dir='ltr'>[ale</span> <span class='ocrx_word' id='word_1_286' title='bbox 1263 2876 1474 2932; x_wconf 70' lang='lat' dir='ltr'>conditis</span> <span class='ocrx_word' id='word_1_287' title='bbox 1494 2880 1543 2929; x_wconf 87' lang='lat' dir='ltr'>in</span> <span class='ocrx_word' id='word_1_288' title='bbox 1563 2881 1790 2930; x_wconf 86' lang='lat' dir='ltr'>notitiam</span> <span class='ocrx_word' id='word_1_289' title='bbox 1813 2881 2050 2932; x_wconf 80' lang='lat' dir='ltr'>Graeciae</span> <span class='ocrx_word' id='word_1_290' title='bbox 2068 2896 2182 2947; x_wconf 90' lang='lat' dir='ltr'>per-</span> 
     </span>
     <span class='ocr_line' id='line_1_36' title="bbox 237 2949 2183 3026; baseline 0.001 -22"><span class='ocrx_word' id='word_1_291' title='bbox 237 2957 399 3016; x_wconf 84' lang='lat' dir='ltr'>venit,</span> <span class='ocrx_word' id='word_1_292' title='bbox 433 2968 488 3007; x_wconf 90' lang='lat' dir='ltr'>ut</span> <span class='ocrx_word' id='word_1_293' title='bbox 511 2973 574 3007; x_wconf 83' lang='lat' dir='ltr'>ex</span> <span class='ocrx_word' id='word_1_294' title='bbox 609 2955 726 3010; x_wconf 89' lang='lat' dir='ltr'>loco</span> <span class='ocrx_word' id='word_1_295' title='bbox 748 2951 1072 3026; x_wconf 67' lang='lat' dir='ltr'>Arclzestmti</span> <span class='ocrx_word' id='word_1_296' title='bbox 1092 2953 1152 3008; x_wconf 84' lang='lat' dir='ltr'>ab</span> <span class='ocrx_word' id='word_1_297' title='bbox 1180 2949 1438 3007; x_wconf 67' lang='lat' dir='ltr'>Atlzeazcteo</span> <span class='ocrx_word' id='word_1_298' title='bbox 1456 2956 1556 3003; x_wconf 77' lang='lat' dir='ltr'>VH.</span> <span class='ocrx_word' id='word_1_299' title='bbox 1578 2971 1623 3022; x_wconf 89' lang='lat' dir='ltr'>p.</span> <span class='ocrx_word' id='word_1_300' title='bbox 1649 2969 1768 3017; x_wconf 79' lang='lat'>294.</span> <span class='ocrx_word' id='word_1_301' title='bbox 1789 2951 1947 3021; x_wconf 83' lang='lat' dir='ltr'>pofito</span> <span class='ocrx_word' id='word_1_302' title='bbox 1968 2967 2183 3022; x_wconf 80' lang='lat' dir='ltr'>apparet.</span> 
     </span>
     <span class='ocr_line' id='line_1_37' title="bbox 239 3025 2186 3098; baseline 0.001 -20"><span class='ocrx_word' id='word_1_303' title='bbox 239 3029 396 3091; x_wconf 85' lang='lat' dir='ltr'>Cujus</span> <span class='ocrx_word' id='word_1_304' title='bbox 415 3030 696 3083; x_wconf 86' lang='lat' dir='ltr'>testimonio</span> <span class='ocrx_word' id='word_1_305' title='bbox 716 3025 750 3084; x_wconf 86' lang='lat' dir='ltr'><strong>fi</strong></span> <span class='ocrx_word' id='word_1_306' title='bbox 769 3030 1046 3091; x_wconf 83' lang='lat' dir='ltr'>credimus,</span> <span class='ocrx_word' id='word_1_307' title='bbox 1082 3033 1152 3082; x_wconf 90' lang='lat' dir='ltr'>uti</span> <span class='ocrx_word' id='word_1_308' title='bbox 1183 3046 1267 3098; x_wconf 83' lang='lat' dir='ltr'>par</span> <span class='ocrx_word' id='word_1_309' title='bbox 1297 3028 1364 3079; x_wconf 82' lang='lat' dir='ltr'>est</span> <span class='ocrx_word' id='word_1_310' title='bbox 1389 3025 1593 3078; x_wconf 65' lang='lat' dir='ltr'>inuitam</span> <span class='ocrx_word' id='word_1_311' title='bbox 1625 3029 1727 3078; x_wconf 82' lang='lat' dir='ltr'>eius</span> <span class='ocrx_word' id='word_1_312' title='bbox 1749 3025 2010 3080; x_wconf 68' lang='lat' dir='ltr'>curiositati</span> <span class='ocrx_word' id='word_1_313' title='bbox 2030 3026 2186 3080; x_wconf 85' lang='lat' dir='ltr'>fidem</span> 
     </span>
    </p>
   </div>
   <div class='ocr_carea' id='block_1_8' title="bbox 237 3099 2189 3230">
    <p class='ocr_par' dir='ltr' id='par_1_14' title="bbox 237 3099 2189 3230">
     <span class='ocr_line' id='line_1_38' title="bbox 237 3099 2179 3175; baseline 0 -23"><span class='ocrx_word' id='word_1_314' title='bbox 237 3100 478 3168; x_wconf 80' lang='lat' dir='ltr'>tribuere,</span> <span class='ocrx_word' id='word_1_315' title='bbox 524 3104 681 3175; x_wconf 88' lang='lat' dir='ltr'>ellops</span> <span class='ocrx_word' id='word_1_316' title='bbox 711 3124 829 3159; x_wconf 86' lang='lat' dir='ltr'>cum</span> <span class='ocrx_word' id='word_1_317' title='bbox 853 3122 1067 3160; x_wconf 79' lang='lat' dir='ltr'>romano</span> <span class='ocrx_word' id='word_1_318' title='bbox 1102 3104 1186 3157; x_wconf 89' lang='lat' dir='ltr'>seu</span> <span class='ocrx_word' id='word_1_319' title='bbox 1213 3100 1380 3155; x_wconf 80' lang='lat' dir='ltr'>Italico</span> <span class='ocrx_word' id='word_1_320' title='bbox 1412 3100 1686 3172; x_wconf 80' lang='lat' dir='ltr'>acipensere</span> <span class='ocrx_word' id='word_1_321' title='bbox 1716 3099 1835 3155; x_wconf 82' lang='lat' dir='ltr'>nihil</span> <span class='ocrx_word' id='word_1_322' title='bbox 1863 3099 2010 3172; x_wconf 83' lang='lat' dir='ltr'>habet</span> <span class='ocrx_word' id='word_1_323' title='bbox 2037 3120 2179 3154; x_wconf 87' lang='lat' dir='ltr'>com-</span> 
     </span>
     <span class='ocr_line' id='line_1_39' title="bbox 1194 3180 2189 3230; baseline -0.004 -2"><span class='ocrx_word' id='word_1_324' title='bbox 1194 3180 1247 3228; x_wconf 84' lang='lat' dir='ltr'>T</span> <span class='ocrx_word' id='word_1_325' title='bbox 1265 3190 1283 3228; x_wconf 92' lang='lat' dir='ltr'>t</span> <span class='ocrx_word' id='word_1_326' title='bbox 1734 3207 1739 3212; x_wconf 90' lang='lat'><em>-</em></span> <span class='ocrx_word' id='word_1_327' title='bbox 2021 3192 2189 3230; x_wconf 81' lang='lat' dir='ltr'>mune.</span> 
     </span>
    </p>
   </div>
  </div>
 </body>
</html>
