2571 3775
241 1852 322 1897 No.
350 1864 390 1897 2.

444 343 546 389 130

424 450 595 508 conr.
616 447 870 525 Gesnerus
891 450 1108 524 Aquatil.
1133 468 1180 521 p.
1205 455 1324 512 856.
1364 468 1475 503 eam
1497 448 1801 511 obcauiani,
1838 446 1975 520 quod
2005 463 2185 516 genere
2215 466 2318 502 ma*-

441 526 628 584 sculino
657 532 880 603 πρίω-ης
911 540 1011 579 erat
1036 524 1350 596 appellandus
1373 525 1542 595 piscis,
1584 523 1618 577 fi
1639 537 1785 593 poeta
1814 519 2189 592 Aristotelicum
2216 521 2320 574 bel-

436 600 578 654 -luam
610 600 835 655 voluisset
864 599 1079 667 intelligi.
1124 629 1127 632 ,
1193 603 1344 666 Igitur
1375 597 1574 667 putabat
1625 597 1879 666 significari
1918 595 2131 648 belluam
2173 600 2321 649 maris

444 676 708 739 diversam,
769 675 963 746 dicique
999 677 1220 749 πρῆστιν
1261 671 1390 744 quafi
1429 672 1760 744 physeterem,
1814 675 2070 742 quoniam
2120 673 2321 745 πρῆσρᾳ

444 752 628 804 Gracci
655 752 796 810 flare,
840 751 1009 800 inflare
1039 748 1220 800 dicunt.
1305 745 1399 798 Sed
1427 764 1490 798 ex
1517 747 1780 815 scripturae
1815 744 1906 796 hac
1935 748 2161 797 varietate
2203 741 2322 796 nihil

443 823 587 894 plane
620 840 823 889 arguere
850 821 978 873 licet.
1089 824 1311 873 Primum
1339 823 1474 871 enim
1503 825 1728 895 πρίστης·
1758 821 1954 888 proprie
1987 820 2053 871 est
2081 821 2166 889 qui
2198 818 2321 870 serra

442 898 595 958 secat,
653 900 865 971 πρίστις
907 896 1004 964 ipsa
1044 894 1197 952 serra;
1248 893 1387 962 piscis
1415 896 1563 960 igitur
1610 909 1764 962 aeque
1799 891 2072 944 commode
2110 906 2321 963 utroque

416 974 648 1023 nomine
665 973 832 1038 -potuit
851 967 1099 1038 appellari.
1172 966 1364 1019 Deinde
1384 965 1563 1019 librarii
1590 971 1714 1017 mire
1741 968 1986 1017 variarunt
2022 966 2323 1035 scripturam,

435 1047 593 1102 ita-‚ut
615 1061 676 1095 ex
706 1062 884 1096 eorum
918 1044 1239 1095 inconstantia
1271 1041 1513 1107 judicium
1537 1041 1759 1093 nostrum
1791 1038 2005 1108 pendere
2039 1056 2142 1091 non
2167 1040 2322 1107 poffit.

435 1115 736 1171 ,Lefftionem
764 1121 987 1192 πρῆστις
1010 1134 1072 1169 ex
1084 1111 1329 1187 Oppiam
1351 1113 1514 1167 retulit
1534 1111 1798 1175 Aeliamm,
1832 1131 1895 1164 ex
1906 1108 2122 1165 Aeliano
2132 1109 2326 1165 Suidas

445 1194 810 1260 grammaticus.
885 1196 951 1243 Ita
975 1193 1120 1242 etiam
1130 1183 1432 1258 Eustachii&
1450 1186 1741 1264 72²,02J67‘13045
1751 1185 2032 1256 appellatex
2044 1180 2323 1248 Atlzewan,

447 1283 571 1337 quae
592 1269 642 1317 in
667 1266 767 1335 ipso
788 1266 1048 1334 scripturae
1068 1261 1205 1316 fonte
1226 1262 1375 1316 hodie
1403 1268 1641 1338 πρίστεις
1674 1262 1871 1331 scriptae
1894 1258 2134 1327 leguntur.
2186 1264 2325 1312 Haec

439 1354 613 1393 tamen
638 1340 894 1409 scripturae
922 1342 1124 1391 varietas
1148 1337 1326 1398 efficit,
1383 1351 1436 1388 ut
1455 1335 1574 1387 nihil
1606 1335 1667 1387 de
1697 1333 1904 1387 animale
1932 1334 2136 1386 definire
2175 1333 2327 1386 hodie

438 1413 617 1476 -liceat,
669 1432 786 1466 cum
819 1412 990 1467 nullibi
1021 1426 1192 1465 notam
1221 1410 1438 1462 additam
1471 1409 1657 1479 pristidi
1687 1408 1767 1475 vel,
1793 1408 1988 1479 prestidi
2027 1412 2327 1477 reperiamus

449 1487 694 1559 aliquam,
747 1506 808 1541 ex
831 1505 926 1558 qua
959 1486 1219 1554 agnoscere
1251 1482 1465 1537 belluam
1493 1485 1746 1553 possimus.
1844 1487 1987 1551 Qiae
2027 1482 2088 1533 de
2115 1478 2329 1550 Pistere,

450 1562 651 1615 Pistride
682 1574 730 1614 et
760 1559 923 1615 Serra
951 1561 1147 1613 tradunt
1176 1553 1469 1627 Ambrofius
1501 1572 1549 1610 et
1583 1553 1885 1628 Ezistatlzizbs
1921 1560 1972 1608 in
1994 1560 2328 1619 HexaemerO,

450 1632 649 1690 Petrus
676 1639 967 1697 Damianus,
1011 1632 1254 1703 Istdorzw,
1301 1628 1509 1686 Aufft'or
1536 1632 1598 1685 de
1629 1645 1799 1684 natura
1833 1649 2028 1693 rerum,
2066 1626 2326 1702 Phystolo-

446 1725 580 1780 ἕως,
617 1705 865 1763 Albertus
888 1723 935 1762 et
962 1705 1265 1763 Vincentius
1285 1712 1434 1759 XVII.
1463 1725 1503 1758 c.
1536 1723 1651 1758 122.
1679 1719 1728 1759 et
1755 1722 1871 1771 127.
1911 1724 2013 1759 non
2036 1704 2181 1772 digna
2200 1704 2328 1768 sunt,

454 1801 581 1856 quae
607 1782 703 1835 huc
724 1781 986 1836 referantur
999 1819 1015 1845 ,
1049 1780 1259 1834 fabulosa
1279 1795 1327 1834 et
1348 1784 1525 1849 inepta.
1977 1835 1980 1837 v

601 1852 809 1925 Γαλεός·
841 1856 995 1926 λεῖος.
1033 1855 1253 1917 GaleuS,
1279 1855 1360 1907 seu
1380 1851 1617 1908 Mustelus
1637 1851 1800 1906 laevis.
1871 1847 2169 1921 Aristoteles
2188 1859 2250 1906 H.
2266 1854 2331 1906 A.

451 1933 534 1985 VI.
566 1949 646 1983 10.
685 1933 918 1985 Ovorum
938 1934 1086 1984 etiam
1104 1928 1192 1983 fitu
1214 1930 1447 1982 differunt
1458 1928 1624 1998 pisceS,
1662 1924 1965 1979 utinustelini
1987 1922 2332 2002 (γαλεώδεις)

450 2007 579 2060 inter
598 2005 645 2056 se
679 2004 849 2058 diverfi
879 2005 987 2057 sunt
1021 2018 1119 2057 eta
1146 2002 1298 2073 planis
1334 2002 1652 2070 cartilagineis
1681 2019 1898 2054 ovorum
1930 2002 1981 2052 in
2012 2001 2114 2055 fitu.
2190 2005 2331 2059 Non-

454 2077 598 2132 nullis
619 2082 750 2131 enim
772 2079 833 2130 ad
852 2080 1036 2148 spinam
1061 2081 1187 2147 inter
1216 2092 1419 2130 ‘uterum
1447 2095 1539 2130 ova
1572 2075 1858 2136 adhaerent,
1918 2072 2069 2127 veluti
2098 2075 2331 2129 caniculis

458 2152 595 2205 (liciis
617 2152 924 2221 (westfory),
966 2151 1144 2204 deinde
1169 2170 1287 2203 cum
1307 2155 1666 2203 incrementum
1686 2162 1946 2218 ceperunt,
1980 2147 2101 2202 infra
2132 2151 2331 2203 descen-

458 2227 580 2279 dunt
615 2230 666 2278 in
699 2241 895 2280 uterum
939 2223 1283 2293 (oviduetum)
1329 2223 1605 2293 duplicem,
1665 2227 1894 2293 utrinque
1923 2221 1984 2272 ad
2017 2223 2333 2292 diaphragma

457 2301 706 2354 adflatum.
731 2328 798 2341 —-—·
896 2298 1159 2353 Caniculae
1182 2317 1272 2351 ova
1295 2300 1525 2359 testacea,
1575 2295 1800 2348 tibiarum
1830 2294 1987 2362 ligulis
2014 2296 2209 2360 fimilia,
2249 2315 2333 2368 ap-

455 2373 616 2445 penfis
633 2372 753 2436 filis,
788 2372 996 2433 habent3
1049 2391 1263 2443 quorum
1285 2373 1398 2423 testa
1418 2374 1469 2423 in
1489 2369 1731 2432 mustelis,
1775 2388 1901 2441 quos
1930 2367 2077 2441 aliqui
2107 2371 2334 2425 hinnula-

381 2450 383 2452 ’
458 2452 558 2504 rios
603 2447 802 2509 dicunt,
854 2449 1090 2521 (νεβρίοᾳ
1120 2441 1332 2523 γαλεοὶ)
1390 2463 1505 2497 cum
1551 2458 1691 2512 rupta
1737 2457 1880 2495 utero
1917 2444 2124 2508 excidit,
2175 2447 2353 2499 nasci-⁷

457 2536 534 2575 tur
555 2518 715 2575 foetus
738 2547 803 2561 -—
877 2519 1112 2574 Mustelus
1134 2519 1346 2589 spinosus
1368 2517 1688 2586 (ἀκανθίας)
1721 2535 1814 2570 ova
1837 2517 1897 2569 ad
1919 2517 2232 2588 diaphragma
2255 2519 2335 2575 fita

458 2594 608 2651 habet
628 2596 764 2664 supra
788 2612 898 2648 eam
922 2592 1251 2648 ovidudluum
1273 2606 1494 2662 partem,
1549 2609 1674 2662 quae
1705 2609 1923 2643 mamma
1954 2592 2158 2654 dicitur3
2209 2613 2336 2664 quae

458 2688 577 2726 cum
599 2669 951 2724 descenderunt
972 2671 1022 2720 in
1045 2682 1240 2720 uterum
1255 2669 1336 2719 seu
1356 2664 1634 2728 ovidudlus,
1671 2666 1875 2717 nascitur
1889 2683 1950 2716 ex
1970 2665 2136 2719 solutis
2155 2665 2333 2722 foetus.

457 2741 611 2795 Simili
632 2746 822 2797 ratione
850 2740 1369 2812 procreanturvulpes
1402 2743 1632 2792 marinae.
1745 2738 1940 2793 Musteli
1973 2756 2137 2792 autem
2175 2740 2335 2798 laeves

460 2814 577 2869 dieii
610 2834 703 2870 ova
737 2817 939 2888 quidem
966 2820 1090 2869 inter
1123 2813 1385 2870 ovidud'tus
1407 2828 1461 2866 ut
1497 2811 1745 2865 caniculae
1775 2816 1990 2865 marinae
2021 2813 2200 2867 habent
2228 2815 2335 2878 fita3

458 2909 632 2944 verum
652 2909 770 2942 cum
794 2894 1021 2962 utrinque
1040 2894 1089 2943 in
1118 2887 1408 2944 ovidu6lum
1437 2887 1723 2940 alterutrum
1751 2886 2132 2950 descenderunt,
2171 2887 2333 2944 foetus

455 2965 661 3017 nascitur
688 2963 928 3019 umbilico
950 2965 1116 3018 adfixo
1138 2961 1586 3034 atqueadhaerente
1607 2959 1825 3013 inferiori
1849 2960 2174 3015 oviducffuum
2192 2968 2334 3032 parti,

459 3037 592 3089 velut
627 3037 882 3092 acetabulo
914 3038 1109 3110 aliquo,
1162 3051 1214 3090 ut
1244 3038 1348 3089 fieri
1383 3034 1505 3088 solet
1531 3039 1580 3087 in
1619 3033 2016 3106 quadrupedibus
2045 3041 2335 3090 ruminanti-

458 3109 564 3166 bus.
588 3138 656 3154 -·
734 3112 929 3184 Reliqui
947 3112 1071 3185 galei
1089 3110 1252 3169 foetus
1272 3114 1501 3166 emittunt
1529 3123 1674 3183 atque
1710 3112 1890 3162 iterum
1920 3113 2165 3181 recipiunt
2188 3115 2336 3173 intuS‚

2185 3198 2335 3241 etiam
