2571 3775
2014 362 2120 415 253

240 483 383 524 tacet.
460 473 622 528 Verba
641 475 912 545 postrema:
945 478 1316 544 praeterquam
1335 469 1386 541 st
1417 467 1625 527 humore
1655 472 1881 530 madeat:
1917 492 2122 544 arguere

241 546 469 600 videntur
487 545 717 602 Plinium
738 552 788 599 in
806 542 1067 615 Aristotele
1089 545 1253 614 legisse
1274 548 1342 614 ἐξ
1361 547 1485 611 αύὲ,
1525 547 1611 600 ubi
1632 547 1782 601 hodie
1805 551 1872 614 ἐξ
1889 550 2024 608 αύτὲ
2054 550 2124 602 le-

240 624 384 688 gitur.
459 621 714 675 Cautelam
747 620 956 674 eandem
979 621 1156 673 iisdem
1186 622 1333 674 etiam
1353 621 1511 674 verbis
1534 626 1787 674 annotavit
1804 619 2127 692 Herodotu&

237 698 401 765 itaque
423 693 593 750 Plinii
611 695 876 750 lef’tionem
896 693 1267 766 praeferendam
1289 696 1383 749 effe
1405 715 1508 762 non
1529 696 1717 750 dubito.

372 814 612 882 'Aliunde
632 816 783 868 sumta
806 815 938 876 sunt,
985 833 1111 888 quae
1131 814 1293 869 subdit
1312 813 1523 871 Plinius
1545 815 1628 870 -his
1655 813 1836 869 verbis:
1892 816 2124 886 Depasci-

238 903 315 942 tur
334 888 518 958 segetes
542 890 862 943 destinatione
886 903 1027 953 ante,
1078 905 1132 942 ut
1159 888 1349 953 ferunt,
1389 891 1763 943 determinatam
1790 894 1840 942 in
1874 890 2034 952 diem,
2073 904 2123 943 et

233 980 297 1016 ex
325 981 445 1032 agro
468 962 735 1018 ferentibus
757 966 964 1032 vestigiis
981 1002 995 1027 ,
1031 983 1093 1018 ne
1113 983 1238 1036 quae
1258 969 1519 1018 revertenti
1538 964 1735 1019 insidiae
1757 979 2121 1034 comparentur.

235 1040 327 1090 His
348 1042 397 1090 in
422 1037 581 1091 verbis
610 1038 733 1095 olim
761 1035 904 1093 φιοὲἳε
928 1037 1070 1092 vfuiffe
1109 1037 1296 1091 leffium
1324 1053 1436 1091 ante
1463 1037 1674 1091 verbum
1707 1038 2007 1107 depascitur,
2046 1043 2120 1091 in-

233 1109 302 1166 fra
325 1112 688 1183 demonstrabo.
802 1117 880 1166 De
911 1115 1046 1183 pastu
1076 1112 1250 1165 eadem
1277 1113 1425 1167 *tradit
1452 1109 1750 1174 Nicander,
1783 1126 1928 1181 poeta
1965 1111 2123 1166 Colo-

232 1186 474 1255 phonius,
515 1191 565 1239 in
596 1187 861 1240 Theriacis
886 1188 1022 1247 versu
1061 1193 1123 1250 56
1135 1205 1156 1249 5
1184 1188 1312 1259 seqq.
1368 1186 1452 1239 ubi
1482 1187 1787 1241 medicinam
1818 1186 2031 1257 aliquam
2059 1205 2123 1239 ex

231 1261 460 1314 testiculis
502 1261 846 1332 hippopotami
885 1275 1054 1314 contra
1093 1279 1343 1315 venenum
1379 1263 1660 1332 serpentum
1697 1260 1990 1331 praescribit.
2077 1265 2122 1313 Is

231 1338 380 1406 igitur
404 1334 619 1388 belluam
639 1342 688 1389 in
708 1335 811 1388 Nili
828 1334 1087 1406 paludibus
1110 1334 1334 1390 coenofis
1354 1337 1496 1406 super
1518 1340 1746 1390 Saiticam
1770 1333 2122 1406 praefed'iuram

233 1408 473 1472 collocat,
511 1425 560 1463 et
589 1414 638 1463 in
655 1405 834 1463 terram
854 1411 1022 1479 egredi
1052 1424 1106 1462 ut
1126 1411 1343 1479 segetem
1363 1411 1573 1464 viridem
1595 1425 1644 1463 et
1665 1426 1908 1472 teneram,
1962 1424 2120 1463 retro-

232 1483 415 1537 cedens
441 1503 595 1555 usque
609 1522 621 1545 ‚
663 1485 959 1554 depascatur.
1046 1484 1232 1538 Eadem
1254 1485 1315 1538 de
1337 1487 1470 1556 pastu
1489 1485 1630 1538 tradit
1646 1482 1883 1537 Aelianus
1904 1484 1965 1537 de
1981 1487 2040 1535 N.
2054 1485 2120 1536 A.

233 1561 293 1609 V.
319 1577 338 1615 ς
358 1577 398 1618 3·
483 1559 639 1627 Qod
672 1578 792 1612 vero
823 1555 1099 1613 [Vicander
1127 1558 1480 1613 habitationem
1518 1559 1862 1629 hippopotami
1894 1571 2120 1611 removet

229 1631 373 1700 super
394 1637 618 1685 Saiticam
637 1630 1033 1701 praefeffiuram,
1059 1632 1202 1686 Delta
1226 1634 1308 1686 seu
1338 1649 1473 1704 parte
1501 1633 1765 1687 humiliore
1799 1635 2012 1702 Aegypti
2046 1636 2119 1683 in-

231 1703 440 1767 clufizm,
474 1706 573 1759 hoc
599 1707 721 1760 mihi
752 1725 958 1774 arguere
982 1707 1174 1760 videtur
1203 1708 1381 1760 animal
1403 1711 1501 1774 jam
1530 1723 1638 1761 tum
1670 1705 1981 1759 terrefadtum
2014 1725 2117 1758 non

230 1793 331 1832 tam
356 1778 599 1851 profunde
624 1785 673 1833 in
704 1782 994 1850 Aegyptum
1024 1799 1139 1832 cum
1167 1785 1307 1852 aquis
1340 1782 1434 1834 Nili
1468 1781 1792 1834 crescentibus
1825 1780 2118 1833 descendisse

229 1868 284 1906 ut
305 1869 468 1915 antea,
523 1851 820 1909 Herodotus
843 1859 976 1908 enim
1003 1855 1381 1924 inpraefestura
1411 1861 1709 1928 Papremite,
1747 1854 1925 1909 inclusa
1954 1853 2115 1917 Delta,

229 1928 390 1983 sacros
409 1928 604 1991 haberi,
653 1930 878 2000 copiosos
900 1933 1043 1997 igitur
1066 1929 1186 1993 effe,
1225 1930 1430 1984 afferuit.

384 2037 642 2110 Reliquam
675 2057 808 2092 nunc
837 2038 1096 2092 audiamus
1125 2035 1296 2092 Plinii
1326 2042 1670 2093 narrationem.
1757 2042 1946 2091 Primus
1979 2055 2115 2099 eum,

231 2116 418 2185 inquit,
456 2129 502 2166 et
526 2118 744 2185 quinque
766 2112 1046 2167 crocodilos
1065 2117 1257 2166 Romae
1281 2114 1531 2167 aedilitatis
1552 2115 1661 2166 suae
1685 2111 1808 2165 ludis
1825 2117 1895 2163 M.
1910 2116 2132 2177 Scaurus

231 2191 534 2257 temporario
558 2191 737 2257 ¹euripo
783 2188 1006 2245 ostendit.
1121 2191 1518 2259 Hippopotamus
1551 2193 1599 2241 in
1632 2187 1843 2260 quadam
1884 2185 2118 2239 medendi

231 2277 365 2336 parte
387 2266 534 2316 etiam
556 2264 779 2330 magister
797 2264 988 2315 exstitit.
1064 2263 1266 2315 Affidua
1287 2281 1500 2335 namque
1524 2264 1732 2315 satietate
1752 2260 1926 2316 obesus
1951 2264 2048 2314 exit
2067 2263 2116 2312 in

232 2340 372 2399 litus,
412 2351 634 2390 recentes
664 2336 965 2389 arundinum
997 2337 1214 2389 caesuras
1246 2337 1573 2406 speculatum,
1622 2351 1766 2408 atque
1796 2335 1878 2388 ubi
1908 2335 2118 2388 acutiffi-

232 2431 373 2468 mum
395 2412 526 2464 videt
545 2413 740 2481 stirpem
769 2413 1004 2481 (stipitem
1033 2407 1337 2465 Vincentius
1367 2430 1484 2464 cum
1508 2408 1684 2465 Solimo
1704 2429 1806 2482 cap.
1840 2411 1945 2477 32.)
1969 2413 2116 2479 inpri-

230 2506 371 2542 mens
393 2504 573 2556 corpus
594 2485 838 2557 quandam
868 2489 916 2537 in
946 2503 1086 2538 crure
1107 2502 1284 2537 venam
1314 2485 1558 2548 vulnerat,
1597 2500 1743 2557 atque
1769 2489 1830 2538 ita
1865 2487 2115 2557 profluvio

231 2564 473 2630 sanguinis
502 2559 792 2613 morbidum
827 2559 940 2612 alias
977 2577 1156 2629 corpus
1190 2574 1453 2622 exonerat,
1501 2574 1549 2612 et
1578 2559 1771 2629 plagam
1804 2559 1926 2612 limo
1955 2558 2113 2612 rursus
2142 2596 2145 2600 r

233 2636 452 2692 obducit.
538 2634 724 2688 Eadem
762 2633 927 2687 retulit
959 2637 1107 2687 etiam
1140 2630 1442 2687 Aimnim-ms
1470 2631 1832 2698 marcellium,
1872 2636 2010 2700 cujus
2039 2631 2114 2686 lo·

232 2732 350 2767 cum
380 2708 501 2762 infra
529 2727 729 2780 ponam.
825 2714 1015 2761 Iseum
1045 2707 1166 2760 ultra
1201 2707 1421 2763 animalia
1459 2708 1640 2780 reliqua
1674 2712 1863 2762 ratione
1904 2712 2110 2760 carentia

231 2787 648 2855 hippopotamum
687 2784 1042 2851 {agaciffimum
1084 2783 1230 2842 dixit,
1303 2781 1560 2836 manifesto
1597 2784 1804 2853 respexit
1843 2782 1904 2835 ad
1941 2782 2111 2836 locum

200 2915 205 2919 Α
230 2858 399 2917 Plinii
416 2865 497 2912 XI.
521 2878 621 2930 cap.
649 2878 727 2924 39.
765 2857 845 2910 ubi
871 2857 932 2909 de
954 2861 1078 2912 corii
1103 2857 1408 2910 craffitudine
1431 2859 1523 2918 est3
1575 2857 1754 2910 deinde
1773 2854 1979 2910 Plinius
2003 2854 2111 2907 sub-

233 2936 324 2988 dit:
370 2949 417 2987 et
444 2949 608 2986 tamen
629 2933 872 3004 quaedam
893 2935 1095 3000 ingenio
1126 2935 1226 2996 ejus
1260 2932 1450 2984 medica
1483 2930 1729 2999 diligentia
1759 2933 1838 2983 est.
1916 2933 2109 3000 Nempe

232 3010 292 3063 ad
314 3011 495 3077 ingenii
515 3009 818 3074 sagacitatem
849 3010 991 3059 traxit
1010 3007 1307 3076 superstitio,
1345 3006 1482 3077 quod
1514 3025 1576 3058 ex
1599 3005 1751 3059 vitius
1774 3009 1959 3058 ratione
1982 3007 2110 3057 acci—

233 3085 348 3137 dere
371 3085 509 3152 saepe
529 3082 888 3152 hippopotamo
917 3081 1104 3134 neceffe
1135 3095 1247 3133 erat.
1333 3079 1567 3133 Habitans
1600 3084 1737 3133 enim
1768 3085 1817 3132 in
1850 3078 2108 3149 paludibus

233 3161 360 3215 inter
383 3159 551 3214 densas
571 3156 852 3220 arundines,
871 3159 1268 3230 quotiescunque
1289 3158 1338 3207 in
1360 3170 1541 3210 terram
1562 3156 1932 3227 egredipastum
1955 3158 2105 3222 cupit,

1176 3233 1226 3284 li
1271 3247 1293 3294 3
1977 3233 2108 3281 viam
