2571 3775
2083 322 2153 377 89

265 443 482 497 odorem
507 443 776 497 sentientes.
819 456 821 458 ·
851 434 954 489 Ubi
976 432 1196 487 Gallicus
1227 436 1462 504 interpres
1490 437 1668 488 vo'cem
1703 443 1931 503 graecam
1961 443 2010 493 in
2039 442 2150 493 'ver-

267 516 400 571 fione
422 518 596 588 posuit.
670 513 774 566 Sed
795 511 974 564 Codex
998 506 1066 563 B.
1094 504 1361 570 Rhenani,
1400 527 1552 581 quem
1580 516 1893 580 comparavi,
1922 519 2161 582 egregius

267 591 414 644 habet
456 591 687 658 scriptum
723 579 947 665 ῥύοιχες,
1011 583 1240 660 rhyaceS,
1297 601 1401 636 non
1436 578 1658 659 ῥυάδεςε
1732 580 1940 638 Alhert-z‘
1988 589 2143 644 verfio

266 662 472 735 praefert
494 659 795 715 vocabulum
824 673 1102 730 vanareyz.
1178 660 1333 709 Porro
1352 660 1490 710 HA.
1510 664 1567 711 V.
1583 677 1623 710 c.
1646 677 1662 710 ι
1684 677 1722 710 1.
1748 657 1953 726 rhyades
1971 664 2146 715 aestate

269 755 436 808 parere
457 735 701 788 dicuntur.
759 733 842 786 ubi
864 731 1047 787 Gazae
1078 729 1233 784 verfio
1256 727 1462 803 Spargi
1480 732 1652 802 posuit.
1750 736 1935 788 Contra
1960 738 2037 787 VI.
2069 755 2147 798 17.

264 810 467 876 rhyades
492 829 607 863 vere
629 825 675 863 et
697 808 903 881 plurimi
931 807 1135 880 quidem
1168 809 1295 858 circa
1330 825 1387 860 ae
1424 805 1704 860 uinotflium
1729 825 1940 862 vernum
1974 828 2145 880 parere

263 885 504 937 dicuntur.
578 882 735 941 Gaza
754 883 821 936 ibi
844 881 1080 935 solitarios
1100 879 1331 951 appellat,
1408 875 1601 935 [bertus
1621 879 1797 943 reuzz‘3
1825 881 1980 937 versio
2004 900 2146 939 vetus

264 958 393 1028 apud
427 956 752 1012 Vincentimn
783 962 927 1010 XVII.
956 974 1058 1027 cap.
1101 974 1178 1020 14.
1213 954 1362 1008 habet
1396 953 1570 1009 rodez.
1647 961 1874 1029 Denique
1909 963 2025 1012 VIII.
2067 979 2145 1022 13.

260 1034 517 1104 postquam
537 1032 600 1085 de
623 1031 831 1103 piscibus
857 1036 906 1084 in
925 1036 1140 1083 Pontum
1168 1033 1430 1100 quotannis
1453 1029 1778 1098 migrantibus
1811 1030 2006 1085 locutus
2026 1048 2146 1096 erat,

260 1106 420 1159 addit:
464 1106 678 1160 interdiu
697 1110 845 1175 igitur
870 1105 1073 1172 rhyades
1098 1117 1290 1166 meant,
1330 1101 1615 1157 nociuvero
1636 1105 1917 1177 quiescunt3
1945 1107 2148 1177 pascun-

258 1194 337 1232 tur
356 1184 506 1233 etiam
529 1179 704 1244 nodie,
736 1179 820 1233 nifi
839 1179 998 1232 luceat
1017 1178 1155 1239 luna,
1199 1192 1317 1231 tunc
1338 1182 1472 1231 enim
1498 1181 1587 1231 iter
1618 1176 1826 1242 faciunt,
1861 1199 1955 1233 nec
1974 1181 2147 1237 volunt

257 1255 518 1326 quiescere.
582 1253 939 1310 Gazae-versio
960 1253 1130 1306 habet:
1164 1253 1384 1307 Fusaneis
1405 1253 1641 1321 igitur,de
1663 1252 1841 1326 quibus
1861 1253 2147 1327 loquoretC.

257 1329 385 1383 adeo
407 1344 461 1382 ut
484 1347 672 1382 nomen
692 1348 928 1398 graecum
948 1323 1143 1406 ῥυάδες
1172 1331 1459 1395 genericum
1489 1346 1678 1381 nomen
1697 1332 1746 1382 et
1771 1329 1983 1399 piscibus
2006 1350 2149 1402 pere-

258 1401 558 1471 grinantibus
579 1403 814 1458 omnibus
846 1420 1118 1457 commune
1149 1401 1353 1470 intelligi
1385 1401 1611 1456 voluerit.
1699 1399 1949 1458 Aelianus
1979 1419 2147 1462 tamen

257 1482 320 1530 H.
340 1479 405 1530 A.
425 1483 507 1530 IX.
527 1484 613 1542 46.
647 1497 835 1532 nomen
859 1476 1106 1548 peculiare
1127 1480 1302 1530 marini
1321 1476 1546 1530 animalis
1567 1474 1708 1539 fecit,
1753 1479 1892 1551 quod
1923 1497 2012 1549 per
2042 1480 2146 1535 hie-

257 1569 396 1605 mem
414 1571 531 1605 cum
554 1553 695 1609 sociis
718 1550 998 1608 confertum
1018 1551 1188 1614 lateat,
1221 1569 1335 1604 vere
1368 1565 1534 1605 autem
1569 1554 1742 1604 itinera
1773 1556 1921 1605 etiam
1950 1553 2146 1623 longin-

257 1644 354 1698 qua
375 1627 693 1695 ingrediatur.'
765 1626 932 1680 Vei-fio
961 1625 1104 1678 latina
1136 1625 1217 1678 hic
1247 1623 1498 1697 aspergos
1527 1624 1673 1679 habet
1704 1627 1958 1697 inscriptos
1987 1633 2146 1700 capiti.

257 1701 353 1754 Sed
376 1703 474 1767 jam
495 1700 616 1755 olim
639 1699 791 1756 Conr.
812 1699 1067 1772 Gesnerns
1092 1699 1312 1773 ‚AquatiL
1337 1719 1379 1770 p.
1396 1718 1422 1752 2
1437 1719 1458 1761 5
1473 1712 1518 1759 8.
1540 1714 1589 1754 et
1620 1721 1637 1752 1
1651 1718 1715 1761 ος
1731 1713 1774 1759 8.
1796 1702 2148 1759 demonstravit

256 1794 445 1829 nomen
468 1775 561 1829 effe
590 1781 880 1844 gener-icum
910 1776 1113 1844 piscium
1139 1779 1187 1828 in
1218 1792 1368 1842 grege
1397 1778 1847 1845 peregrinantiun13
1902 1781 1982 1831 cui
2013 1777 2149 1834 redie

258 1851 502 1903 affentitur
525 1847 712 1905 Carnus
729 1855 777 1903 in
800 1853 1090 1905 Comment.
1115 1849 1177 1902 ad
1197 1846 1415 1919 Aristot.
1433 1868 1479 1919 p.
1497 1855 1621 1915 667.
1695 1851 1850 1921 Apud
1869 1848 2148 1908 Iohannem

258 1922 684 1988 Sarisberiensem,
719 1931 817 1978 XII.
837 1924 982 1978 seculi
1002 1925 1314 1996 scriptorem,
1360 1928 1480 1977 VIII.
1502 1943 1548 1996 p.
1575 1942 1694 1988 555.
1738 1929 1957 1996 reperio:
2004 1929 2147 1998 pisci-

258 1997 411 2062 culis,
459 2018 586 2071 quos
614 1999 767 2068 vulgo
801 2000 1081 2070 asparagOS,
1129 1998 1208 2053 vel
1244 1999 1503 2069 spinaticos
1537 1997 1617 2052 vel
1649 2000 1912 2071 ripileones
1951 2016 2145 2056 vocant.

257 2074 353 2129 Sed
373 2074 426 2127 hi
445 2092 548 2127 non
568 2078 806 2145 pertinent
826 2073 940 2126 huc.

411 2143 653 2225 Σπάρος,
695 2153 885 2219 Sparus.
928 2144 1295 2199 Difficillimum
1324 2147 1392 2198 est
1422 2145 1688 2200 decernere
1717 2146 1899 2220 aliquid
1925 2167 1988 2203 ex
2009 2164 2144 2205 vete-

260 2240 375 2274 rum
392 2222 689 2292 scriptorum
713 2223 850 2276 locis.
935 2225 1053 2274 Fere
1083 2219 1266 2292 ubique
1297 2223 1433 2272 enim
1465 2219 1961 2292 librarii'scripturam
1989 2229 2144 2278 varia-

257 2309 371 2348 runt
393 2299 515 2348 inter
540 2297 729 2350 scarum
752 2310 801 2350 et
820 2298 1011 2367 sparum
1034 2293 1256 2365 aliosque
1279 2293 1420 2364 plane
1446 2294 1659 2350 diversos
1676 2297 1843 2366 pisces.
1912 2298 1997 2352 Ab
2021 2296 2145 2354 Ari-

247 2366 424 2442 stotele
454 2375 506 2422 11.
550 2388 622 2439 ¹7·
663 2391 781 2425 cum
821 2369 1000 2432 cobi0,
1053 2367 1254 2422 mustela
1294 2385 1465 2439 perca,
1524 2370 1811 2441 scorpione,
1864 2372 2053 2428 citharo
2094 2386 2145 2428 et

260 2443 418 2498 mullo
437 2448 724 2498 nominatur
748 2445 910 2516 sparus
931 2448 1054 2497 inter
1076 2462 1164 2496 eos
1183 2445 1334 2514 pisces
1356 2446 1442 2515 qui
1463 2443 1639 2498 multas
1665 2448 1877 2500 intestini
1911 2448 2145 2519 appendi-

263 2537 347 2571 ces
366 2521 499 2586 juxta
526 2520 858 2574 ventriculum
880 2517 1073 2571 habent.
1149 2517 1218 2570 Ibi
1241 2517 1392 2571 editio
1411 2518 1619 2581 Aldina,
1673 2521 1855 2575 Codex
1881 2521 2143 2586 Canifiani‚

258 2608 400 2647 vetus
421 2592 575 2647 verfio
598 2610 648 2648 et
668 2593 823 2649 Gaza
848 2594 1037 2647 scarum
1063 2596 1333 2646 nominant.
1419 2589 1698 2664 Oppianus
1723 2599 1755 2646 1.
1794 2614 1909 2662 109.
1946 2598 2143 2667 sparum

257 2670 393 2736 juxta
411 2667 549 2722 litora
568 2670 788 2723 muscosa
816 2667 902 2721 sub
925 2666 1087 2720 herbis
1108 2666 1286 2735 degere
1306 2669 1382 2718 ait.
1474 2667 1672 2722 Deinde
1705 2669 1768 2722 de
1794 2670 1930 2725 scaro
1959 2673 2144 2742 separa-

257 2746 348 2795 tim
370 2743 527 2797 tradit.
586 2741 865 2800 Marcellus
886 2742 1070 2796 Sidetes
1083 2743 1220 2795 versu
1237 2759 1319 2804 24.
1350 2740 1540 2810 sparum
1559 2747 1714 2797 acutis
1725 2743 1953 2799 dentibus
1975 2746 2143 2814 fignat,

257 2817 448 2869 scarum
478 2830 647 2873 contra
676 2819 814 2873 versu
846 2838 922 2884 ¹9·
957 2816 1190 2870 floridum
1221 2814 1440 2887 appellat.
1517 2812 1728 2871 Plinius
1757 2823 1958 2872 XXXII.
1988 2839 2029 2872 c.
2067 2840 2142 2874 τι.

258 2889 536 2960 fimpliciter
556 2899 779 2949 nominat
791 2894 1000 2964 sparum,
1020 2909 1113 2944 nec
1136 2895 1186 2945 in
1205 2891 1400 2962 reliquis
1420 2888 1682 2944 auctorum
1696 2891 1819 2946 locis
1843 2893 1904 2946 ab
1919 2890 2144 2948 Artedio

259 2963 412 3018 allatis
435 2966 635 3022 traditur
655 2969 892 3022 indicium
918 2965 1101 3029 ullum,
1140 2984 1202 3019 ex
1223 2984 1326 3037 quo
1346 2965 1609 3032 agnoscere
1632 2966 1825 3035 sparum
1857 2967 2007 3021 hodie
2030 2969 2143 3038 posi

259 3037 425 3094 fimus.
500 3037 749 3097 Albertus
771 3047 946 3096 XXIV.
969 3060 1013 3111 p.
1036 3058 1156 3102 24<.
1185 3059 1226 3093 a.
1267 3044 1442 3110 Sparus
1466 3039 1606 3109 piscis
1637 3041 1705 3092 est
1730 3044 1947 3095 marinus
1979 3060 2007 3095 a
2039 3042 2143 3097 telo

220 3113 223 3115 ’
260 3112 424 3171 miffili
454 3116 778 3181 rusticorum,
830 3115 967 3191 quod
997 3115 1258 3187 spargitur,
1310 3113 1511 3187 quando
1551 3116 1751 3183 jacitur,
1799 3114 1863 3172 fic
1892 3115 2049 3171 didius
2079 3136 2147 3244 eg

1253 3192 1310 3242 M
2007 3210 2110 3264 quo
