2571 3775
370 1075 373 1076 ν
443 1036 688 1092 Gloffa1·io
710 1034 857 1086 hanc:

448 334 515 383 30

442 445 670 507 asellum,
699 459 868 498 ranam
897 445 1163 505 marinam,
1210 441 1448 511 passerem
1469 456 1518 496 et
1539 442 1807 515 squatinam
1827 444 1877 496 in
1896 459 2038 497 arena
2062 447 2209 499 maris
2238 444 2323 499 ab·-

436 522 691 576 sconditos
730 518 877 571 latere
909 532 960 570 et
1004 519 1173 570 cirrhis
1212 520 1311 570 oris
1361 518 1557 569 exsertis
1592 517 1851 586 pisciculos
1892 517 2090 572 allectos
2130 520 2321 588 capere.

444 595 545 650 Ubi
569 596 757 646 mentio
778 591 1055 644 cirrhorum
1075 595 1176 645 oris
1198 586 1334 660 satis
1361 589 1547 660 arguit
1577 589 1774 645 Soleam
1799 589 1991 655 Plinii,
2038 593 2317 661 bugloffum

442 674 754 723 Graecorum
801 669 1160 727 recentiorum,
1201 665 1377 717 nostris
1409 664 1655 732 linguam,
1692 665 1919 733 intelligi3
1986 669 2122 737 quod
2165 672 2320 722 miror

441 741 679 812 ignorasse
716 738 917 792 Gallum
951 735 1136 792 Cumas
1173 741 1222 793 in
1261 740 1644 792 Commentariis
1673 738 1733 790 ad
1764 735 2083 810 Aristotelem
2121 759 2170 811 p.
2194 748 2255 794 6⁶.
2276 761 2318 803 3.

442 817 655 871 Modum
697 812 918 882 capiendi
960 806 1205 886 ψήττας,
1274 806 1489 892 ῥόμβδς
1529 827 1578 866 et
1619 808 1856 890 στρεθές
1893 814 2041 868 docet
2078 812 2317 871 Aelianus

442 895 567 945 XIV.
597 908 640 952 3.
2106 928 2113 934 .

588 957 761 1025 Plan,
797 954 1032 1088 Plalkeffiz.
1069 960 1365 1012 Varietatem
1387 961 1603 1026 reperies
1624 962 1676 1011 in
1699 955 1891 1031 Cangii
1909 975 1957 1014 et
1979 959 2319 1035 Clzatpentier

955 1029 1144 1102 [πίε-Χῖα,
1176 1029 1373 1093 Placia,
1410 1030 1600 1104 plays,
1636 1030 1802 1099 PleiS,
1836 1032 2098 1090 Plaetln'z.
2161 1038 2319 1106 Apud

450 1108 512 1166 V
510 1106 775 1165 iacentium
795 1110 940 1160 XVII.
961 1124 1060 1176 cap.
1084 1125 1168 1172 79.
1207 1105 1327 1159 Plais
1349 1104 1628 1160 breviffime
1648 1106 1953 1161 describitur:
1992 1114 2066 1162 Ex
2094 1108 2317 1183 Ausonio

444 1183 656 1238 laudavit
683 1178 834 1235 Conr.
857 1178 1048 1251 Gesner
1075 1179 1292 1252 Aquatil.
1324 1199 1370 1249 p.
1394 1179 1728 1246 793.molles
1748 1181 1990 1251 platess'aS,
2021 1198 2071 1237 et
2090 1201 2117 1237 a
2138 1203 2320 1254 graeco

443 1253 682 1325 πλατύς,
713 1254 898 1324 planus,
931 1252 1080 1306 dictas
1103 1254 1394 1324 suspicatur.v
1450 1259 1616 1308 Locus
1638 1256 1704 1308 est
1717 1255 1912 1324 Epistol.
1931 1261 1992 1309 X.
2014 1276 2102 1322 40.
2285 1299 2290 1302 .

591 1326 827 1385 Pefflnes
848 1341 1010 1382 totum
1026 1345 1185 1397 genus
1207 1323 1457 1380 Albertus
1477 1332 1624 1380 etiam
1634 1329 1879 1398 appellat,
1915 1344 1970 1383 ut
1992 1336 2087 1385 VH.
2107 1351 2153 1404 p.
2171 1344 2196 1390 8
2214 1352 2251 1385 1.
2273 1332 2318 1385 b.

442 1405 562 1460 allec
585 1417 632 1457 et
652 1400 903 1473 peelinum
926 1419 1104 1470 genera
1124 1416 1173 1454 et
1193 1404 1277 1472 qui
1298 1401 1524 1454 dicuntur
1543 1401 1736 1473 linguae
1756 1402 1850 1457 five
1879 1403 2052 1473 soleae.
2129 1406 2320 1460 Glossa-

442 1484 572 1533 rium
615 1475 863 1530 Gallicum
911 1475 1040 1545 apud
1081 1472 1420 1546 Clzarpent-ier
1474 1474 1724 1546 pedlinem
1770 1481 2110 1549 interpretatur
2157 1478 2321 1535 Plais.

443 1548 689 1608 Albertns
708 1554 782 1603 VI.
803 1568 848 1620 p.
868 1567 952 1613 72.
975 1547 1022 1601 b.
1059 1567 1208 1621 quem
1227 1547 1498 1602 Lombardi
1517 1550 1778 1619 passerem,
1809 1571 1900 1607 nos
1922 1567 2087 1608 autem
2107 1551 2322 1627 Pleydis

444 1644 711 1685 vocamus;
758 1639 807 1677 et
837 1625 904 1677 est
930 1624 1114 1692 species
1150 1621 1354 1692 peclinis
1394 1625 1650 1695 quaedam.
1685 1629 1762 1679 IV.
1794 1643 1841 1696 p.
1873 1634 2018 1680 62.a.
2078 1628 2234 1684 nimbi
2272 1643 2322 1684 et

444 1699 664 1773 pectines
686 1703 1002 1751 nominantur
1021 1714 1114 1767 pro
1134 1695 1357 1751 rhombis
1377 1711 1423 1750 et
1445 1697 1739 1768 peffinibus.

596 1778 649 1826 In
669 1773 947 1825 universum
964 1772 1026 1825 de
1047 1786 1155 1826 toto
1175 1771 1274 1825 hoc
1294 1789 1475 1839 genere
1501 1768 1768 1826 Columella
1788 1778 1903 1826 VIII.
1925 1794 1941 1825 1
1955 1791 2000 1837 7.
2048 1793 2174 1846 quae
2200 1775 2322 1831 limo

450 1844 715 1918 coenoque
747 1846 985 1900 lutescunt
1028 1846 1190 1913 stagna
1231 1850 1443 1908 marina,
1486 1849 1622 1914 (arte
1650 1841 1806 1914 fadia')
1853 1847 2124 1916 conchyliis
2165 1855 2324 1919 magis

450 1940 510 1975 ac
547 1920 814 1985 iacentibus
863 1935 972 1990 apta
1029 1920 1137 1971 sunt
1195 1918 1485 1972 animalibus
1584 1923 1759 1993 Neque
1831 1924 1899 1975 est
1954 1924 2132 1976 eadem
2187 1923 2321 1979 lacus

452 1993 627 2066 pofitio
649 2032 664 2058 ,
725 2011 853 2066 quae
902 1998 1075 2063 recipit
1119 1992 1380 2055 cubantes,
1441 2012 1535 2047 nec
1585 1994 1761 2047 eadem
1805 1995 2100 2064 praebentur
2144 1997 2322 2053 cibaria

451 2072 694 2141 prostratis
736 2082 786 2120 et
815 2065 982 2129 reffis,
1053 2085 1274 2138 namque
1315 2067 1456 2120 soleis
1498 2084 1563 2120 ac
1604 2067 1839 2142 rhombis}
1865 2084 1917 2123 et
1948 2069 2177 2126 similibus
2218 2078 2321 2128 ani-

448 2143 656 2198 malibus
686 2141 884 2195 humilis
917 2146 966 2193 in
999 2141 1125 2194 duos
1156 2141 1306 2209 pedes
1330 2142 1506 2210 piscina
1527 2141 1820 2211 deprimitur
1838 2147 1888 2198 in
1913 2162 1967 2196 ea
1988 2160 2121 2215 parte
2144 2146 2320 2202 litoris-

450 2236 555 2289 que
588 2219 786 2287 profluo
816 2215 998 2269 recess‘u
1023 2232 1276 2284 nunquam
1299 2215 1582 2268 destituitur.
1604 2244 1669 2256 --
1755 2218 1869 2269 Esca
1896 2221 2160 2283 jacentium
2190 2222 2319 2276 mol-

447 2291 544 2345 lior
566 2291 660 2343 effe
683 2288 830 2342 debet
859 2306 1010 2360 quam
1029 2287 1298 2342 saxatilium
1312 2326 1326 2350 ,
1362 2307 1476 2340 nam
1497 2292 1607 2360 quia
1631 2288 1856 2343 dentibus
1878 2307 2066 2356 carent,
2096 2308 2179 2346 aut
2198 2294 2320 2351 lam-1

447 2365 572 2418 bunt
595 2362 758 2425 cibos,
790 2376 873 2414 aut
897 2366 1113 2429 integros
1134 2361 1387 2436 hauriunt3
1426 2362 1659 2415 mandere
1681 2364 1885 2434 quidem
1903 2385 2006 2420 non
2026 2368 2232 2438 possunt.
2254 2400 2321 2414 --

449 2438 595 2493 Nulla
618 2452 782 2491 tamen
800 2453 956 2507 aeque
967 2453 1115 2507 quam
1127 2434 1402 2504 praediclae
1422 2435 1619 2489 salsurae
1639 2437 1964 2506 (salsamenta)
1981 2441 2157 2511 pabula
2178 2462 2319 2499 com-

449 2512 604 2568 mode
625 2511 816 2572 dantur,
848 2514 1084 2581 quoniam
1102 2509 1306 2563 odorata
1327 2510 1447 2562 sunt.
1521 2512 1698 2564 Omnis
1720 2515 1855 2564 enim
1872 2516 2034 2580 jacens
2052 2518 2190 2586 piscis
2212 2539 2318 2573 ma-

445 2592 525 2655 gis
545 2584 738 2638 naribus
760 2584 916 2636 escam
929 2621 943 2645 ,
984 2600 1132 2654 quam
1154 2582 1312 2637 oculis
1330 2586 1557 2651 vestigat,
1595 2602 1711 2637 nam
1731 2587 1924 2655 supinus
1945 2589 2138 2659 semper
2158 2593 2320 2657 cubat,

450 2660 730 2715 sublimiora
759 2656 978 2728 spediat,
997 2671 1045 2709 et
1076 2674 1130 2708 ea
1160 2675 1283 2728 quae
1316 2661 1365 2709 in
1386 2657 1532 2727 plano
1548 2658 1658 2710 sunt
1676 2660 1844 2712 dextra
1867 2661 2098 2734 laevaque
2117 2685 2220 2719 non
2251 2665 2319 2720 fa-

447 2733 543 2788 cile
563 2732 793 2803 pervidet.
870 2736 1033 2802 Itaque
1059 2749 1176 2782 cum
1205 2730 1478 2784 salsamenta
1509 2730 1701 2800 objedla
1731 2734 1862 2798 sunt,
1908 2753 2084 2792 eorum
2111 2740 2320 2815 sequens

446 2809 662 2864 odorem
690 2808 907 2876 pervenit
928 2805 985 2858 ad
1007 2803 1158 2858 cibos,

597 2883 885 2934 Generatim
915 2883 1059 2932 etiam
1091 2877 1332 2950 quaedam
1357 2874 1654 2947 Aristoteles
1680 2881 1826 2935 tradit
1855 2882 1916 2936 de
1957 2883 2061 2938 latis
2096 2888 2320 2956 piscibus.

451 2955 570 3009 Hist.
594 2952 806 3006 Animal.
826 2958 902 3005 IV.
927 2965 970 3011 8.
1027 2952 1088 3004 de
1116 2953 1293 3006 somno
1320 2952 1548 3020 piscium:
1606 2953 1761 3017 Plani,
1816 2959 2000 3029 inquit,
2049 2978 2192 3015 arena
2221 2964 2318 3017 sese

453 3027 725 3085 occultant3
772 3026 1204 3096 deprehenduntur
1232 3039 1396 3078 autem
1426 3025 1514 3078 {itu
1544 3042 1592 3080 et
1624 3029 1777 3095 figura
1810 3030 1954 3099 ipfius
1973 3050 2173 3098 arenae,
2222 3037 2318 3092 tol-

452 3102 715 3173 lunturque
737 3097 913 3156 fuscina
933 3101 1151 3173 percuffi.
1208 3100 1403 3157 Deinde
1426 3105 1539 3155 VIII.
1557 3120 1600 3155 c.
1633 3121 1711 3169 19.
1738 3107 1932 3162 interest
1943 3111 2088 3164 etiam
2101 3110 2321 3183 aquiloni

2263 3203 2324 3240 an
