2571 3775
341 362 446 415 322
1154 359 1448 401 ·········-›-.-—--

338 472 496 539 ratim
536 475 619 529 sed
651 488 700 528 et
733 474 825 545 ipsa
863 474 1015 528 cranii
1045 472 1253 537 fabrica,
1311 475 1559 528 costarum
1587 475 1751 529 versus
1780 491 1933 528 anum
1963 472 2291 529 desinentium

339 569 605 612 numerus,
644 549 856 621 denique
881 551 1028 603 sterni
1051 564 1100 602 et
1119 548 1273 620 pelvis
1304 549 1582 603 rudimenta
1616 548 1873 604 manifesto
1892 568 1976 602 me
1997 549 2291 602 docuerunt.

339 631 418 680 De
437 644 532 697 qua
554 624 757 697 quidem
778 642 829 675 re
854 628 1128 677 accuratius
1159 627 1210 674 in
1238 625 1455 677 Historia
1481 623 1770 677 animalium
1793 638 2153 678 venenatorum
2173 640 2292 693 pro-

340 706 475 754 xime
500 699 686 752 edenda
710 697 980 768 disputabo.
1056 695 1374 767 Tenebimus
1390 701 1586 752 interim
1606 698 1726 751 illud
1746 698 2016 768 typhlinem
2035 694 2291 767 Aristote-

341 773 406 829 lis
425 774 486 827 ab
505 790 664 840 angue
686 770 840 840 fragili
862 770 1004 842 plane
1027 770 1122 824 effe
1143 771 1386 824 diversum
1415 772 1618 827 debere!
1654 774 1850 840 Anguis
1879 790 2000 827 vero
2020 777 2148 839 Eryx
2166 774 2289 825 Lin-

342 843 453 903 naei
487 866 605 899 cum
639 848 848 899 nostrate
878 843 1034 914 fragili
1067 845 1212 916 plane
1243 850 1477 901 convenit
1508 846 1826 915 osteologicis
1854 846 2122 901 rationibus
2147 882 2163 910 ‚
2233 859 2290 898 ut

343 939 529 993 nupera
551 919 704 974 seciio
723 939 805 974 me
831 920 1015 975 docuit.

1165 1051 1248 1105 Ad
1287 1069 1398 1123 pag.
1443 1061 1489 1112 8.

461 1147 737 1201 *Abramim
750 1146 1009 1201 nilotic‘um
1021 1149 1254 1216 agnosces
1268 1167 1468 1201 mecum
1480 1151 1528 1201 in
1541 1146 1667 1202 libro
1680 1145 1876 1201 arabico
1888 1142 2100 1200 aud‘loris
2112 1141 2289 1201 Schem

328 1219 516 1297 jaddim
546 1217 899 1285 Molzcmmzed,
958 1226 1043 1294 qui
1076 1226 1217 1276 initio
1248 1223 1409 1276 Seculi
1430 1228 1555 1276 XVI.
1587 1241 1664 1276 res
1691 1221 2041 1275 memorabiles
2073 1223 2287 1291 Aegypti

341 1299 520 1368 sciripto
552 1296 798 1367 prodidit,
838 1300 978 1349 cuius
1009 1311 1237 1367 excerpta
1267 1299 1533 1367 posuerunt
1560 1296 1667 1351 loca
1696 1292 1914 1351 Nossices
1948 1303 1995 1349 et
2029 1293 2287 1350 Extraiz‘s

344 1371 432 1427 des
454 1367 814 1442 Mtnzzqfcripts
831 1369 889 1424 de
911 1369 960 1424 la
984 1369 1347 1442 ‘Bibliotlzeque
1365 1370 1432 1425 du
1455 1369 1564 1427 Roz‘
1589 1369 1738 1424 Tome
1762 1374 1792 1421 Ι.
1818 1389 1864 1440 p.
1894 1388 1953 1426 ες
1974 1390 2015 1427 ς.
2097 1375 2139 1422 Is
2165 1388 2286 1422 vero

343 1449 406 1499 de
431 1444 640 1516 piscibus
662 1447 873 1515 Aegypti
893 1449 955 1497 ita
977 1446 1121 1498 tradit
1151 1464 1213 1498 ex
1235 1446 1454 1499 versione
1482 1445 1674 1514 gallica:
1719 1446 1803 1497 On
1826 1459 2000 1497 trouve
2019 1462 2081 1496 en
2104 1449 2293 1513 Engpoe

298 1544 303 1545 ⁷
342 1521 388 1574 le
422 1538 571 1587 muge
603 1520 794 1589 poiffon
825 1539 992 1573 connu
1037 1524 1417 1573 anciennement
1440 1521 1562 1574 ‘sous
1594 1519 1638 1571 le
1659 1538 1785 1572 nom
1808 1518 2081 1571 d'abermis
2113 1533 2163 1570 et
2189 1535 2291 1589 que

340 1595 374 1648 l'
388 1615 456 1650 on
479 1613 686 1648 nomme
707 1595 1006 1659 aujourdhui
1027 1593 1171 1648 bouri
1196 1594 1377 1664 (mugil
1398 1593 1656 1665 Cephalus)
1685 1607 1733 1646 et
1754 1611 1822 1646 on
1847 1591 1891 1644 le
1910 1593 2176 1661 transporte
2199 1590 2291 1644 lalt':

345 1671 464 1725 hors
500 1669 560 1721 dc
592 1669 849 1740 l⁵Egypte,
902 1685 949 1722 et
980 1671 1095 1721 c'est
1129 1688 1312 1722 encore
1335 1688 1431 1722 une
1463 1670 1548 1723 des
1583 1668 1883 1721 redevances
1917 1665 2162 1736 impose'tes
2192 1685 2289 1718 aux

345 1746 696 1815 gouverneurs.
772 1744 966 1795 Deinde
994 1742 1079 1795 sub
1101 1744 1268 1796 mense
1302 1744 1454 1812 Paopi
1476 1763 1520 1813 p.
1543 1748 1604 1795 ἀς
1623 1754 1665 1799 8.
1694 1741 1816 1793 haec
1835 1739 2003 1792 habet:
2036 1745 2132 1793 Les
2158 1741 2289 1809 poiss

345 1821 456 1874 sons
491 1816 722 1870 nommes
750 1817 903 1870 benni
934 1819 1215 1885 (cyprinus)
1250 1831 1297 1869 et
1328 1816 1543 1869 abermis
1574 1814 1903 1883 s'engraiffent
1935 1845 1999 1856 —-
2028 1833 2098 1867 on
2127 1813 2219 1866 sale
2242 1814 2293 1868 le

344 1893 536 1966 poiffon
561 1890 718 1944 bouri.
791 1895 926 1943 Huic
949 1892 1134 1956 judicio
1154 1890 1187 1943 fi
1211 1891 1463 1943 confidere
1484 1890 1660 1951 audes,
1698 1887 1936 1940 abramim
1959 1888 2020 1940 ad
2044 1888 2292 1955 mugilum

343 1984 500 2037 genus
528 1963 721 2020 referes.
805 1966 908 2036 Ipse
942 1965 1096 2020 fidem
1130 1979 1231 2018 tam
1259 1962 1401 2021 facile
1430 1965 1623 2020 homini
1652 1982 1679 2017 a
1709 1961 1859 2017 literis
1891 1965 2101 2035 antiquis
2126 1961 2289 2017 alieno

345 2061 447 2097 non
471 2038 654 2094 habeo!

1138 2147 1224 2204 Ad
1272 2168 1381 2222 pag.
1426 2169 1448 2214 3
1464 2167 1507 2214 3.

488 2255 804 2337 Βέγλωσσον
827 2304 839 2323 ,
914 2259 1201 2327 Bugloffum
1246 2258 1612 2330 Arclzesiratus
1658 2254 1787 2328 apud
1837 2252 2152 2310 Athenaeum
2185 2261 2288 2311 VII.

343 2349 388 2408 p.
419 2354 443 2400 3
461 2354 537 2396 30.
571 2333 883 2403 lubasperum
906 2329 1291 2411 (ὑπότρηχυν)
1320 2333 1555 2405 appellat,
1595 2351 1698 2405 quo
1722 2331 1909 2390 indicio
1935 2332 2038 2384 satis
2056 2331 2287 2402 speciem,

345 2428 496 2482 quam
515 2407 720 2475 intelligi
752 2407 892 2468 velit,
928 2408 1243 2461 demonstrat.

491 2483 576 2536 Aa
598 2480 1031 2536 Pleuronedlarum
1047 2501 1204 2550 genus
1226 2479 1461 2536 Tae-niam
1485 2485 1632 2535 etiam
1650 2476 1957 2534 referendam
1975 2479 2068 2533 effe
2089 2498 2152 2532 ex
2169 2479 2288 2535 loco

343 2554 638 2629 Spezfippi,
678 2560 761 2628 qui
784 2576 898 2608 cum
923 2557 1073 2626 psetta
1097 2572 1146 2609 et
1169 2552 1393 2625 bugloffo
1415 2559 1732 2626 comparavit,
1769 2553 1901 2608 recie
1921 2557 2079 2622 arguit
2099 2551 2285 2608 Cantus

342 2635 395 2684 in
417 2635 705 2685 Comment.
739 2635 786 2683 in
810 2633 996 2687 Histor.
1031 2632 1248 2684 Animal.
1326 2634 1493 2700 Qxam
1526 2649 1587 2683 ex
1623 2632 1724 2684 hoe
1755 2647 1934 2697 genere
1964 2628 2204 2698 descripfit
2237 2644 2286 2683 et

343 2708 533 2760 vetusto
572 2708 778 2759 nomine
825 2704 1085 2775 appellavit
1125 2701 1371 2758 Belom'us
1409 2706 1668 2775 scriptores
1704 2707 2001 2757 recentiores
2040 2706 2283 2770 ignorant.

342 2785 509 2834 Locus
539 2776 832 2840 Aristotelis
854 2783 1013 2847 arguit
1039 2783 1211 2849 pinnas
1247 2778 1486 2833 ventrales
1515 2778 1686 2832 abeffe.
1762 2782 1817 2829 In
1840 2774 2058 2830 Linwaez‘
2082 2776 2283 2832 Pleuro-

341 2853 481 2908 nedla
511 2854 673 2907 achire
703 2867 751 2906 et
782 2852 1139 2920 trichodadiylo
1169 2858 1344 2924 pinnae
1379 2868 1548 2907 contra
1579 2850 1852 2923 pediorales
1888 2865 1971 2903 aut
2002 2849 2175 2904 absunt
2200 2865 2284 2906 aut

339 2927 595 2982 filiformes
610 2928 803 2997 adsunt.
879 2927 1079 2981 Planum
1111 2944 1159 2981 et
1182 2928 1334 2980 latum
1363 2929 1544 2998 piscem
1567 2930 1722 2994 arguit
1746 2925 1901 2993 ipsum
1928 2944 2127 2978 nomen.
2286 2970 2288 2975 .

490 3003 573 3055 Ad
604 3021 759 3069 genus
799 3001 1232 3072 pleuronedlarum
1270 3007 1481 3072 pertinet
1511 3005 1659 3054 etiam
1689 2994 1953 3068 Elblmrus
1985 3018 2009 3052 a
2048 2997 2306 3059 Dorione„

337 3074 522 3138 dicium
562 3077 660 3130 alio
690 3082 894 3130 nomine
924 3080 1071 3132 Coris
1106 3073 1297 3152 (χάρις)
1326 3079 1407 3130 seu
1439 3081 1616 3128 cimex.
1695 3077 1900 3130 Cimicis
1936 3073 2203 3127 similitudo
2230 3088 2290 3128 et.

335 3149 542 3205 ductum
562 3150 676 3207 inde
706 3170 893 3206 nomen
921 3153 1109 3223 piscem
1140 3151 1345 3223 planum
1376 3165 1424 3206 et
1457 3149 1609 3204 latum
1636 3153 1756 3204 item
1776 3151 1948 3217 arguit.
2025 3147 2278 3276 Asltffum'

2034 3240 2063 3276 e
2087 3242 2111 3275 c
2152 3241 2281 3287 arus,
