2571 3775
397 359 501 402 2202,
1195 355 1504 376 “--”

396 471 649 533 nullorum
668 470 746 532 vel
770 473 914 526 tertio
934 470 1013 525 die
1032 470 1245 543 speciem
1267 472 1480 544 pisciculi
1507 476 1648 545 capit.
1725 476 1991 545 Augentur
2015 494 2125 540 ova,
2166 495 2295 551 quae

398 549 566 602 semen
587 550 732 603 maris
750 551 994 615 attigerit,
1034 549 1191 600 statim
1219 549 1402 602 eodem
1425 549 1505 603 die
1533 564 1582 602 et
1601 551 1721 620 post.
1794 557 1848 603 In
1868 552 1968 605 hoc
1990 551 2108 607 loco
2143 572 2302 608 anno-

400 622 824 690 tationedignum
845 624 941 684 est,
971 640 1068 682 ova
1084 620 1379 678 foecundat-a
1408 625 1569 676 statim
1595 625 1883 679 candidiora
1903 628 2008 679 fieri
2032 627 2157 690 dici,
2184 647 2302 680 cum

401 701 562 765 magis
592 700 644 749 in
675 696 864 749 luteum
893 714 1098 764 vergere
1130 714 1214 759 ea,
1276 696 1453 750 sterilia
1498 714 1669 753 contra
1696 699 1944 754 'albescere
1982 703 2192 755 affirmet
2226 703 2302 757 Cl.

404 766 582 827 Bloch.
630 768 839 824 Plinius
871 775 953 822 IX.
985 768 1109 823 sedi.
1147 788 1233 836 75.
1335 773 1542 826 Ceterae
1567 771 1818 829 foeminae
1849 778 1900 828 in
1932 776 2106 833 triduo.
2135 776 2304 830 exclu-

407 846 550 908 dunt,
588 843 622 897 fi
651 863 757 897 mas
789 848 961 911 attigit.

562 921 724 989 Caput
742 923 822 973 VI.
846 923 1029 975 ,Partus
1052 916 1259 986 piscium
1279 935 1373 971 nec
1396 919 1580 973 eodem
1606 935 1835 991 tempore
1866 941 1958 977 nec
1992 923 2136 978 fimili
2150 924 2310 978 modo

412 996 645 1049 omnium
668 994 751 1056 fit,
786 1010 880 1046 nec
896 996 999 1062 pari
1021 995 1260 1062 temporis
1280 993 1431 1064 spatio
1465 999 1655 1062 geritur
1674 1010 1854 1050 uterus.
1948 999 2083 1051 Ante
2118 1002 2310 1052 coitum

416 1086 593 1138 greges
623 1071 839 1122 marium
883 1081 932 1121 et
967 1064 1303 1121 foeminarum
1343 1067 1630 1130 consistunt3
1684 1071 1766 1123 sed
1801 1070 1887 1124 sub
1917 1076 2053 1125 coitu
2086 1085 2135 1124 et
2168 1086 2310 1141 partu

418 1146 654 1213 conjugia
686 1147 942 1199 ineuntun.
1043 1140 1283 1197 Nonnulli
1302 1211 1312 1213 „
1326 1152 1524 1197 uterum
1562 1159 1741 1212 gerunt
1773 1150 1964 1214 triginta
2000 1144 2180 1200 diebus·
2206 1165 2309 1200 non

419 1217 646 1288 amplum,
681 1216 760 1271 alii
779 1215 1105 1288 paucioribus.
1187 1218 1380 1270 Omnes
1409 1231 1574 1271 tamen
1609 1220 1814 1290 spatium
1842 1221 2062 1290 pariendi
2096 1238 2311 1274 numero

422 1294 617 1346 dierum
658 1293 928 1363 septenario
960 1295 1244 1362 partiuntur.
1347 1290 1621 1346 Plurimum
1660 1299 1895 1364 temporis
1926 1310 2122 1349 uterum
2150 1294 2312 1348 ferunt

421 1386 551 1440 quos
573 1372 792 1421 marinos
823 1380 1002 1420 vocant
1033 1364 1197 1438 aliqui.
1230 1395 1298 1407 —-
1375 1367 1568 1420 Omnes
1591 1385 1678 1437 per
1701 1368 1750 1420 id
1777 1383 1972 1440 tempus
1993 1390 2095 1444 quo
2114 1385 2313 1423 uterum

425 1443 623 1505 ferunt,
666 1441 911 1504 laborant,
972 1440 1103 1494 unde
1137 1443 1192 1493 fit
1232 1455 1287 1492 ut
1322 1445 1708 1515 tunel-maxime
1748 1445 1980 1498 excidant
2019 1450 2070 1499 in
2118 1448 2319 1497 terram'.'

424 1521 664 1590 Feruntur
686 1520 816 1570 enim
837 1519 972 1584 gravi
996 1514 1191 1569 stimulo
1213 1519 1377 1585 agitati
1406 1515 1467 1569 ad
1498 1531 1652 1591 terrae
1681 1520 1940 1581 viciniam3
1975 1528 2120 1591 atque
2149 1522 2314 1573 omni-

427 1591 518 1664 no‘
540 1600 658 1645 tunc
695 1595 932 1662 temporis
961 1604 1202 1660 perpetuo
1245 1603 1390 1644 motu
1423 1606 1740 1656 exercentur,
1813 1593 1975 1647 donec
2007 1598 2323 1666 peperci-uun

429 1662 588 1735 Mugil
629 1670 858 1721 omnium
901 1669 1120 1718 maxime
1168 1669 1230 1718 ita
1267 1669 1503 1732 agitatum
1566 1669 1677 1737 post
1711 1682 1905 1737 partum
1948 1671 2318 1742 conquiescunt.

428 1741 862 1834 finemxpariendi
912 1739 1206 1812 quibusdam
1243 1741 1452 1793 afferunt
1489 1741 1743 1794 vermiculi
1785 1747 1943 1803 ventri
1976 1748 2126 1797 innati
2166 1746 2317 1812 parvi.

431 1821 620 1892 (μικροί
658 1841 747 1893 7&
779 1813 1042 1892 ἔμψυχα)
1077 1818 1161 1885 qui
1193 1811 1437 1868 foeturam
1469 1814 1734 1885 expellunt.
1819 1817 2026 1870 Piscium
2057 1822 2139 1890 qui
2166 1821 2316 1885 flutae

433 1890 679 1970 (ῥυάδὲς)
719 1889 1040 1960 appellantur‚'
1085 1907 1200 1943 vere
1239 1892 1458 1959 pariunt,
1504 1888 1704 1960 plurimi
1749 1891 1953 1962 quidem
1983 1897 2115 1959 *circa
2150 1895 2318 1963 aequi-

435 1965 660 2020 nodiium
698 1984 922 2018 vernum.
1019 1966 1235 2018 Caeteris
1272 1983 1372 2018 non
1393 1964 1528 2017 idem
1557 1969 1667 2018 anni
1699 1972 1902 2037 teinpus
1932 1963 2189 2029 convenit,
2237 1965 2321 2020 sed

437 2040 514 2094 alii
566 2041 768 2103 aestate,
831 2038 1032 2112 quidam
1090 2043 1216 2092 circa
1270 2039 1549 2092 autumnale
1607 2041 1974 2113 aequinodlium
2030 2046 2234 2113 pariunt.
2254 2070 2324 2084 —-

439 2120 556 2170 Fere
578 2129 626 2167 et
648 2113 823 2187 reliqui
844 2132 1020 2168 omnes
1042 2114 1193 2183 pisces
1222 2112 1446 2167 celeriter
1463 2114 1747 2168 adolescunt
1762 2154 1776 2178 ‚
1798 2122 2059 2188 praecipue
2080 2123 2129 2170 in
2141 2123 2320 2180 Pont0‚

440 2194 623 2262 quippe
644 2187 725 2241 ubi
752 2194 1117 2241 incrementum
1141 2187 1334 2255 fingulis
1358 2188 1529 2242 diebus
1550 2189 1690 2259 plane
1711 2191 1991 2260 intelligitur
2006 2230 2021 2254 ‚
2060 2193 2141 2244 sed
2161 2197 2321 2244 amiae

440 2265 598 2318 multo
620 2264 810 2317 clarius.
887 2265 1115 2316 Omnino
1142 2266 1202 2314 ita
1226 2264 1606 2316 existimandum
1628 2266 1695 2316 est
1720 2266 1897 2318 iisdem
1925 2265 2135 2335 piscibus
2168 2270 2217 2318 in
2231 2270 2321 2319 -iis-

441 2339 558 2392 (lem
579 2338 697 2392 locis
719 2357 810 2390 nec
831 2342 1015 2403 coitus,
1054 2355 1144 2388 nee
1167 2341 1290 2388 uteri
1312 2338 1553 2404 gerendi,
1583 2356 1676 2390 nec
1707 2338 1921 2411 denique
1944 2355 2108 2411 partus
2127 2356 2325 2412 tempus

441 2414 908 2483 prosperitatemque
930 2413 1169 2472 constare,
1210 2429 1385 2483 verum
1410 2426 1461 2464 ut
1479 2411 1602 2465 haec
1623 2411 2012 2484 frequentissime·
2026 2419 2224 2468 evenire
2245 2417 2328 2469 so->

442 2488 571 2550 lent,
607 2491 671 2540 ita
704 2507 794 2541 nos
828 2505 883 2539 ea
917 2485 1247 2554 exposuimus.
1357 2490 1473 2540 Hoc
1495 2489 1547 2539 in
1577 2486 1695 2540 loco
1723 2507 1849 2559 quae
1881 2489 2216 2543 difficultatem
2238 2489 2326 2544 ali-

448 2581 597 2634 quam
635 2560 838 2623 habent,
900 2559 1469 2630 in'fingulisspeciebus
1510 2561 1752 2615 illustravi.
1848 2568 2099 2617 Marinum
2138 2566 2320 2634 piscem

448 2636 638 2689 dicium
678 2655 739 2688 ex
770 2638 894 2687 mari
923 2639 1172 2688 annotavit
1200 2639 1347 2687 etiam
1377 2632 1687 2707 Hesyclti225‚
1727 2651 1974 2706 praeterea
2003 2645 2176 2691 nemo.'
2239 2645 2320 2691 De

450 2710 726 2764 vermiculis
751 2713 903 2762 ventri
923 2712 1098 2761 innatis
1120 2709 1282 2761 nescio
1306 2710 1488 2761 anhuc
1518 2715 1759 2779 pertineat
1782 2711 1921 2765 locus
1945 2713 2050 2765 libri
2071 2713 2132 2765 de
2153 2728 2322 2766 natura

447 2804 612 2840 rerum
633 2784 763 2855 apud
789 2781 851 2839 V
847 2781 1288 2837 iuceutiumXVH.
1329 2803 1369 2836 c,
1393 2803 1477 2847 40.
1531 2789 1745 2849 Semini,
1791 2791 1949 2858 inqu-it
1980 2786 2177 2849 audior,
2223 2807 2328 2840 ear-

446 2879 590 2931 perae
623 2877 983 2931 nonnunquam
1013 2862 1062 2909 in
1093 2876 1225 2911 anno
1248 2862 1413 2927 primo
1445 2863 1700 2912 nativitatis
1727 2864 1865 2928 niger
1896 2860 2191 2914 vermiculus
2217 2866 2324 2934 qui-

447 2936 561 2989 dam
581 2937 688 3005 post
711 2953 879 2987 aurem
901 2934 1033 2985 suam
1053 2931 1276 2984 tabificus
1303 2933 1585 2995 innascitur,
1624 2948 1673 2986 et
1691 2934 1789 2986 hoc
1814 2936 1998 3004 saepius
2018 2939 2123 3006 post
2143 2938 2321 3004 Augu-

446 3012 595 3071 stum,
635 3028 788 3081 eaque
818 3006 927 3061 tabe
958 3011 1179 3060 moritur.
1257 3007 1553 3059 Remedium
1589 3010 1657 3060 est
1683 3025 1804 3079 aqua
1835 3008 1989 3062 dulcis
2019 3025 2068 3062 et
2098 3010 2317 3064 fluvialis.

445 3084 539 3135 Sed
551 3088 713 3152 potius
733 3084 898 3137 semen
913 3078 1339 3151 carperaetbetu'ra
1359 3085 1689 3151 cyprinorum‚
1703 3082 2060 3137 etvermiculus
2077 3086 2162 3136 iste
2183 3089 2320 3152 niger

442 3160 552 3229 post
569 3156 822 3212 branchias
847 3161 1039 3213 innatus
1065 3175 1128 3210 ex
1148 3174 1328 3225 genere
1351 3155 1657 3222 lernaearum
1680 3151 1902 3213 Limmei
1924 3158 2017 3214 esse
2037 3159 2244 3213 videtur.

2247 3237 2325 3290 De
