2571 3775
2023 318 2033 323 „
2089 319 2161 380 67

272 445 573 504 fere‘omnes
603 443 763 499 amare
793 446 962 494 carnes
985 437 1262 492 hamiarum
1286 451 1335 491 et
1364 441 1623 510 pinguium
1647 445 2062 518 quorumcunque
2083 443 2159 516 pi..'

276 525 428 577 scimn
452 522 591 574 tndit
606 523 666 569 H.
679 520 741 569 A.
764 521 841 568 IV.
862 533 964 585 cap.
980 527 1025 573 8.
1104 516 1267 568 Carne
1289 513 1387 566 sola
1407 513 1590 567 vietitat
1605 534 1721 568 cum
1745 517 1931 570 channa
1953 533 2001 571 et
2025 519 2156 581 aliis;

277 597 428 668 paulo
448 595 554 663 post
585 605 751 643 tamen
780 589 972 641 additur
1000 588 1249 645 interdum
1276 592 1422 640 etiam
1456 587 1560 657 alga
1589 591 1730 660 pasci.
1807 596 1920 642 VIII.
1951 610 1992 643 c.
2019 610 2062 644 2.
2099 599 2155 648 In

277 671 469 724 marinis
492 667 665 734 stagnis
688 663 829 717 multi
850 663 1001 734 pisces
1024 664 1280 716 nascuntur
1300 676 1348 714 et
1374 662 1574 731 degunt,
1614 662 1760 716 veluti
1785 663 1924 735 salpa,
1954 665 2155 729 mullus,

277 755 433 796 aurata
456 753 504 792 et
535 738 730 809 plurimi
750 737 853 801 alii,
892 741 1040 791 etiam
1065 737 1225 789 hamia
1255 741 1381 789 circa
1400 737 1830 807 Alopeconesum5
1888 739 2010 792 haec
2038 759 2155 796 cum

275 816 486 881 thynno,
520 827 567 866 et
584 813 828 884 pelamide
855 830 967 865 vere
996 815 1045 864 in
1066 817 1283 865 Pontum
1302 814 1478 879 migrat
1496 813 1824 885 aestatemque
1845 812 1911 866 ibi
1931 813 2154 882 transigit.

271 893 385 941 VIII.
408 906 448 940 c,
489 906 564 949 ¹3·
618 887 824 955 Singulis
856 885 1027 940 diebus
1058 891 1421 940 incrementum
1450 884 1640 939 foetura
1678 891 1726 939 in
1757 892 1916 942 Ponto
1953 887 2156 957 intelligi

271 961 446 1032 probat
466 961 658 1014 hamiae
677 959 909 1031 exemplo
933 966 1009 1013 VI.
1043 981 1058 1012 1
1075 981 1119 1022 7.
1167 959 1232 1012 ibi
1261 958 1416 1014 verfio
1443 956 1654 1013 Alberti
1683 960 1847 1014 demos
1875 960 2035 1015 habet.
2100 967 2154 1016 In

272 1040 450 1090 fluvios
475 1041 622 1089 etiam
653 1050 700 1088 et
725 1036 856 1089 lacus
884 1035 1114 1088 recedere
1144 1033 1330 1086 hamias
1362 1033 1539 1101 legitur
1574 1037 1690 1086 VIII.
1735 1054 1810 1100 ¹9·
1886 1038 2021 1089 Cum
2051 1035 2154 1090 bel-

272 1110 404 1166 luam
428 1111 594 1163 vident
616 1109 830 1183 aliquam
852 1109 1091 1176 coIIIgunt
1115 1109 1187 1170 se,
1209 1122 1258 1160 et
1282 1125 1406 1180 quae
1430 1107 1767 1175 magnitudine
1785 1111 2039 1179 praestant,
2081 1109 2156 1175 lu,

269 1186 467 1238 strantes
491 1203 693 1253 gregem
715 1182 1105 1243 circumvallant,
1143 1197 1190 1234 et
1209 1181 1242 1234 fi
1264 1201 1358 1254 qua
1379 1181 1588 1236 violatur
1607 1181 1890 1236 defendunt.
1965 1188 2157 1239 Dentes

271 1258 346 1312 his
377 1258 547 1320 validi,
590 1274 638 1312 et
659 1262 757 1325 jam
791 1273 898 1312 tum
926 1257 1045 1311 aliae
1073 1253 1263 1309 belluae
1301 1271 1408 1309 tum
1452 1256 1592 1309 lamia
1628 1258 1843 1325 aggressa
1872 1256 2154 1313 vulneribus

272 1331 493 1387 confedla
513 1335 606 1387 visti
617 1336 696 1386 est.
717 1338 796 1386 IX.
818 1354 834 1384 τ
847 1351 895 1396 7.
939 1331 1159 1386 Macron
1178 1331 1398 1384 Parodus
1418 1331 1546 1402 apud
1558 1328 1862 1386 Athenaeum
1882 1336 1945 1385 IV
1947 1373 1958 1383 .
1968 1352 2013 1404 p.
2036 1353 2052 1384 1
2072 1352 2092 1397 3
2109 1352 2153 1395 ς.

268 1407 515 1462 caeruleas
544 1407 754 1478 appellat
787 1407 972 1460 hamias
1017 1400 1398 1482 (κυανόχρως).
1487 1402 1765 1476 Oppianus
1787 1411 1818 1459 I·
1849 1424 1963 1459 ¹12·
2003 1407 2154 1460 auda-
2228 1466 2231 1469 .

269 1500 352 1536 ces
389 1482 575 1536 hamias
611 1486 838 1536 viciniam
876 1485 1143 1534 fluviorum
1175 1498 1339 1532 amare
1380 1478 1705 1552 dulcibusque
1750 1484 1888 1553 aquis
1932 1485 2152 1552 inprimis
2228 1539 2233 1554 ,

267 1558 584 1625 pinguescere
607 1561 747 1610 canit.
839 1560 971 1612 Cum
996 1553 1230 1625 delphino
1247 1571 1467 1624 pugnam
1489 1553 1625 1606 idem
1648 1558 1698 1606 11.
1727 1575 1745 1610 ς
1764 1572 1822 1617 53
1848 1555 1979 1627 seqq.
2009 1559 2151 1610 canit.
2231 1610 2235 1629 Ζ

268 1633 496 1702 Corpore
517 1631 710 1698 thynnis
724 1635 960 1693 minoreS,
982 1628 1207 1683 dentibus
1228 1626 1407 1682 crebris
1418 1643 1562 1701 atque
1572 1633 1725 1683 acutis
1737 1643 1949 1683 armatos
1960 1630 2054 1683 effe
2073 1636 2153 1684 ait.

265 1709 494 1778 Denique
512 1711 582 1758 111.
614 1726 727 1770 144.
756 1705 945 1759 hamiae
971 1704 1199 1757 dicuntur
1222 1703 1374 1756 hamo
1400 1704 1629 1756 confixae
1657 1705 1813 1757 statim
1836 1704 2020 1757 sursum
2040 1722 2153 1758 eva-

266 1780 385 1833 dere
414 1794 467 1832 nt
493 1779 672 1834 lineam
693 1780 920 1833 dentibus
944 1778 1236 1832 abscindant.
1311 1781 1448 1830 Loca
1473 1777 1594 1830 haec
1616 1778 1720 1832 duo
1741 1776 1980 1850 Oppiani
1996 1793 2152 1833 trans-

266 1854 375 1908 tulit
394 1851 630 1908 Aelianus
651 1860 681 1907 I.
704 1873 808 1925 cap.
840 1875 882 1912 ς.
923 1853 1005 1906 sed
1027 1872 1119 1923 pro
1140 1851 1300 1904 hamia
1325 1850 1518 1905 trodien
1549 1849 1840 1929 (τρώκτην)
1860 1858 2152 1918 nominavit,

270 1929 433 1981 nescio
454 1948 551 2000 qua
573 1928 650 1982 vel
674 1928 956 1983 auetoritate
981 1928 1056 1981 vel
1080 1931 1270 1981 ratione
1287 1924 1532 1980 induetus.
1607 1925 1818 1981 Plinius
1839 1932 1919 1980 IX.
1940 1946 2042 1999 cap.
2075 1932 2151 1989 ις’.

202 2012 205 2015 “
268 2003 477 2072 piscium
525 2021 681 2071 genus
730 2022 884 2057 omne
933 2007 1191 2074 praecipua
1243 2000 1487 2054 celeritate
1535 2000 1792 2063 adolescit,
1847 2006 2064 2055 maxime
2096 2006 2151 2058 in

267 2080 442 2130 Ponto.
464 2103 533 2121 ⁶-
625 2079 832 2130 Amiam
865 2091 1071 2138 vocant,
1109 2078 1247 2141 cujus
1285 2079 1646 2128 incrementum
1665 2075 1859 2144 fingulis
1883 2075 2055 2130 diebus
2077 2081 2149 2130 in-

270 2150 514 2219 teIIIgitur.
591 2149 809 2220 Isidorus
829 2151 957 2221 apud
985 2148 1042 2204 V
1042 2147 1310 2203 iacentium
1342 2154 1485 2202 XVII.
1505 2167 1607 2219 cap.
1636 2168 1715 2214 57.
1790 2154 1976 2205 Hamio
2008 2153 2147 2222 piscis

269 2227 335 2278 est
374 2224 608 2287 saxatilis,
648 2225 817 2278 dextra
856 2225 1130 2295 sinistraque
1172 2221 1399 2276 lateribus
1447 2227 1593 2292 virgis
1642 2227 1862 2295 puniceis
1901 2230 2146 2296 perpetuis

267 2299 470 2371 aliisque
489 2298 811 2353 discoloribus
831 2299 1102 2366 deiignatur
1122 2312 1170 2350 et
1191 2295 1346 2350 didius
1370 2299 1436 2350 est
1458 2298 1628 2351 hamio
1645 2336 1658 2360 ,
1707 2302 1818 2370 quia
1839 2318 1941 2353 non
1960 2305 2147 2370 capitur

269 2373 353 2427 nifi
373 2375 537 2427 hamo.
612 2378 748 2427 Haec
781 2374 984 2445 quidem
1021 2371 1319 2440 etymologia
1353 2370 1558 2424 debetur
1587 2376 1879 2439 ignorationi
1910 2375 2149 2428 sermonis

258 2453 463 2517 graeci,
498 2446 580 2500 ubi
610 2448 774 2521 (ἐμίαν
798 2451 894 2514 jam
927 2447 1048 2500 olim
1078 2446 1160 2516 ipfi
1194 2449 1373 2498 Graeci
1402 2447 1656 2516 scriptores
1689 2465 1715 2498 a
1747 2466 1873 2501 voce
1902 2445 2018 2522 ἅμα
2050 2453 2077 2501 i.
2106 2467 2148 2502 e.

268 2521 409 2578 fimul
436 2520 616 2574 difiam
641 2522 777 2574 fuisse
800 2522 1123 2583 tradiderunt,
1158 2520 1295 2592 quod
1318 2520 1466 2590 pisces
1491 2520 1542 2573 hi
1562 2525 1611 2573 in
1630 2539 1815 2589 magno
1835 2541 1982 2590 grege
2008 2522 2149 2576 fimul

271 2610 448 2650 natant.
523 2595 718 2650 Awstor
738 2597 800 2649 de
823 2612 990 2649 natura
1011 2615 1177 2648 rerum
1197 2594 1327 2664 apud
1358 2591 1415 2648 V
1415 2592 1682 2648 iacentium
1701 2595 1728 2647 l.
1749 2616 1790 2648 c.
1843 2601 2051 2651 Hamius
2082 2600 2150 2651 est

269 2673 408 2743 piscis
427 2670 660 2733 saxatilis,
698 2684 752 2723 ut
774 2675 838 2723 ait
863 2668 1110 2739 Isidorus,
1151 2669 1202 2721 id
1232 2670 1300 2721 est
1320 2667 1531 2738 lapidem
1559 2673 1681 2737 gerit
1701 2673 1931 2732 interim,
1966 2671 2046 2725 hic
2065 2672 2150 2725 ad-

267 2747 481 2800 modum
500 2746 740 2815 speciosus
765 2747 860 2807 est,
897 2743 1082 2797 habens
1101 2748 1151 2796 in
1171 2757 1383 2814 utroque
1406 2741 1551 2795 latere
1584 2743 1714 2815 quafi
1733 2745 1942 2814 virgulas
1976 2765 2152 2817 perpe-

266 2834 358 2874 tuo
378 2821 547 2874 colore
567 2824 828 2891 puniceaS,
860 2818 1050 2891 reliquo
1077 2837 1197 2872 vero
1233 2835 1444 2886 corpore
1472 2816 1666 2872 diverfis
1691 2820 1894 2890 quidem
1923 2835 1971 2873 et
2000 2825 2149 2888 gratis

270 2893 544 2956 coloribuS,
582 2909 715 2948 totus
736 2899 786 2947 in
813 2894 1020 2948 modum
1039 2897 1184 2963 panni
1204 2893 1338 2945 serici
1359 2894 1578 2944 variatus.
1671 2897 1802 2946 Hinc
1821 2894 1950 2962 apud
1971 2890 2149 2948 Alber-
2187 2919 2200 2931 ·

267 2976 375 3021 tum
401 2974 572 3020 XXIV.
595 2989 638 3039 p.
664 2988 728 3026 24-
749 2990 786 3021 1.
807 2987 848 3023 a.
934 2969 1122 3021 Armus
1153 2968 1291 3037 piscis
1322 2966 1389 3018 est
1418 2979 1470 3018 ut
1497 2966 1667 3018 dicunt
1692 2968 1895 3021 saxatilis
1921 2972 2003 3039 qui
2031 2967 2148 3038 lapi-

268 3042 384 3096 dem
403 3045 553 3111 gestat
570 3047 787 3098 interius.
873 3044 952 3098 Est
979 3057 1147 3097 autem
1170 3040 1309 3096 valde
1333 3040 1575 3111 speciosus
1605 3043 1654 3094 in
1684 3040 1910 3097 lateribus
1939 3043 2149 3110 virgulas

1261 3120 1280 3169 I
1322 3131 1351 3165 2
1965 3116 2150 3173 habens
