2571 3775
224 1160 308 1205 No.
330 1172 369 1204 2.
456 1202 458 1205 .

254 1274 297 1318 Ρ.
320 1283 391 1331 91.
466 1309 473 1316 .

1389 284 1426 317 *δ’

432 336 537 386 124

430 445 748 505 conturbaret
764 463 908 501 more
928 443 1031 499 suo.
1106 448 1172 499 Ita
1197 447 1332 498 enim
1353 443 1434 498 ille
1454 449 1538 498 IX.
1557 461 1696 509 (κως.
1771 448 1824 499 In
1835 444 1995 501 Gallia
2021 447 2071 502 se
2103 451 2329 503 temtrio-

431 523 528 579 nali
555 525 803 576 muraenis
841 520 1077 576 omnibus
1106 520 1276 574 dextra
1301 523 1353 574 in
1376 519 1598 573 maxilla·
1625 521 1851 591 septenae
1881 465 2196 576 maculagad
2227 522 2330 578 for-

431 618 570 655 mam
589 598 930 667 septentrionis
952 593 1300 649 aureocolore
1320 592 1536 662 fulgent,
1578 595 1816 649 duntaxat
1850 596 2159 660 viventibus,
2200 601 2330 668 pari-

433 688 608 745 terque
626 690 744 724 cum
764 675 925 723 anima
945 674 1316 737 extinguuntur.
1391 667 1547 723 Reite
1560 673 1709 722 etiam
1729 667 1895 724 Laur.
1919 670 1971 726 T
1963 667 2103 726 heod.
2118 671 2326 727 Grono-

435 745 553 803 vius
582 747 840 817 suspicatus
860 746 928 797 est
949 749 1266 813 Lampetram
1284 741 1385 796 hoc
1407 742 1523 798 loco
1543 743 1760 812 intelligi.
1837 747 2126 816 Comment.
2146 747 2207 800 ad
2224 746 2273 799 h.
2296 745 2327 799 l.

437 841 483 894 p.
507 833 589 881 88.
664 824 718 871 In
739 819 918 873 Charta
943 816 1134 871 Gallica·
1164 820 1278 869 anni
1315 835 1333 867 1
1357 834 1470 880 ¹70-
1521 821 1821 887 Lamproiae
1851 819 2110 883 dicuntur-3
2152 826 2204 874 in
2236 820 2328 875 alia

437 898 555 951 anni
589 909 740 959 1495.
776 911 1040 946 muraenae
1060 890 1154 944 five
1171 890 1483 959 Lampreses;
1521 896 1572 944 in
1594 891 1682 944 alia
1703 896 1816 945 anni
1845 912 1998 956 1305-
2021 896 2329 965 Lampredo-

439 987 526 1025 nes
546 968 654 1021 sunt
677 967 805 1037 apud
829 961 1170 1039 Clznrpentier
1188 969 1239 1018 in
1261 962 1522 1019 Glossario.
1601 971 1674 1019 Ex
1707 966 1806 1022 hoc
1830 967 2077 1024 vocabulo
2106 972 2328 1025 nostrum

440 1047 589 1099 etiam
610 1037 799 1096 Brieke
819 1056 867 1094 et
891 1036 1055 1097 Prike
1075 1039 1263 1093 derivat
1280 1036 1339 1092 F
1333 1035 1567 1112 risclzim.

589 1147 823 1230 Εχενηῖζ
861 1146 1101 1223 Oppiani
1127 1148 1226 1203 huc
1244 1147 1388 1220 plane
1412 1169 1516 1204 non
1539 1153 1763 1221 pertinet.

590 1258 884 1333 Acipewfhr.
921 1263 1124 1313 Nomen
1146 1257 1368 1312 Italicum
1384 1261 1468 1321 est,
1506 1260 1642 1332 quod
1666 1263 1828 1329 graeci
1846 1261 2103 1331 scriptores
2128 1261 2332 1316 sedores

444 1339 619 1392 imitati
649 1336 769 1388 sunt.
845 1338 954 1397 Jam
977 1333 1100 1388 olim
1119 1331 1256 1387 fuere
1282 1337 1366 1405 qui
1396 1333 1606 1404 Elopem
1636 1339 1845 1389 Graecis
1875 1335 2062 1390 dietum
2090 1337 2333 1407 acipense-

447 1430 556 1465 rem
579 1415 1035 1480 interpretarentur,
1069 1426 1197 1480 quos
1221 1409 1471 1476 redarguit
1487 1405 1697 1463 Plinius
1716 1413 1894 1462 XXXI.
1916 1429 2020 1480 cap.
2051 1431 2070 1462 1
2089 1431 2130 1463 1.
2168 1410 2250 1464 ubi
2271 1429 2332 1463 ex

449 1481 643 1540 Ovidis)
671 1485 826 1555 pisces
855 1497 1122 1537 enumerat.
1198 1481 1474 1553 Helopem‚
1510 1487 1697 1555 inquit,
1732 1503 1935 1556 quoque
1966 1485 2088 1539 dixit
2119 1485 2213 1539 ess‘e
2242 1504 2335 1538 no-

451 1562 555 1615 stris
579 1562 892 1627 incognitum
915 1557 1093 1618 undis;
1141 1575 1204 1611 ex
1234 1575 1340 1628 quo
1372 1572 1568 1628 apparet
1588 1557 1684 1611 falli
1707 1577 1795 1613 eos
1806 1596 1823 1622 ‚
1876 1563 1961 1631 qui
1989 1560 2208 1614 eundem
2239 1563 2337 1613 aci-

451 1635 707 1705 penserem
726 1635 1138 1686 existimaverunt.
1213 1631 1352 1684 Idem
1373 1636 1454 1684 IX.
1484 1649 1554 1700 17.
1593 1633 1746 1704 Apud
1767 1637 1993 1705 antiquos
2014 1636 2219 1706 piscium
2242 1651 2336 1688 no-

452 1707 707 1763 biliffimus
735 1706 928 1762 habitus
966 1706 1239 1777 acipensem
1302 1724 1429 1759 unus
1469 1712 1700 1781 omnium
1727 1709 1938 1779 squamis
1977 1709 2041 1761 ad
2079 1727 2137 1763 os
2174 1708 2335 1770 verfiS‚

454 1797 629 1839 eontra
644 1801 668 1835 a
689 1800 838 1854 quam
851 1786 899 1844 in
922 1782 1089 1835 nando
1101 1794 1294 1842 meant3
1333 1779 1469 1833 nullo
1492 1800 1625 1835 nunc
1649 1787 1699 1834 in
1719 1781 1912 1835 honore
1932 1785 1997 1836 est
2010 1804 2024 1845 3
2062 1784 2200 1856 quod
2224 1787 2336 1856 qui-

456 1858 574 1911 dem
595 1862 767 1920 miror,
806 1875 924 1909 cum
944 1855 996 1911 fit
1017 1873 1152 1908 rarus
1171 1858 1385 1908 inventu.
1425 1855 1644 1924 Qidam
1665 1875 1782 1909 eum
1814 1855 2014 1926 elopem
2035 1871 2229 1912 vocant.
2269 1863 2336 1911 Ita

456 1936 591 1986 enim
611 1930 672 1985 h.
692 1929 721 1982 l.
769 1931 1052 1984 emendavit
1080 1925 1417 1991 Harduinm‚
1467 1948 1584 1983 cum
1611 1945 1750 1984 antea
1780 1938 1959 1984 contra
1985 1948 2170 2005 aquam
2202 1931 2337 2001 lege-

455 2020 604 2060 retur.
688 2005 782 2058 Sed
810 2001 1128 2060 Plutarchus
1149 2006 1300 2057 etiam
1323 2003 1385 2056 de
1405 2003 1609 2058 Solertia
1638 2024 1686 2077 p.
1709 2025 1832 2071 979.
1871 2004 2071 2076 elopem
2091 2026 2195 2061 non
2226 2006 2336 2060 reli-

455 2099 673 2153 quorum
692 2080 897 2150 piscium
917 2097 1060 2133 more
1083 2092 1250 2131 contra
1272 2080 1459 2131 flumen
1483 2079 1774 2132 adscendere
1789 2079 1870 2132 sed
1890 2081 2106 2136 secundo
2125 2085 2335 2135 flumine

458 2154 752 2210 descendere
771 2152 943 2215 refert,
982 2153 1271 2224 causamque
1298 2152 1421 2214 edit,
1472 2154 1607 2224 quod
1630 2155 1857 2225 squamae
1877 2158 1980 2219 ejus
1999 2156 2338 2209 commissuras

459 2230 519 2283 ad
542 2228 750 2281 caudam
780 2230 936 2281 versas
960 2227 1181 2281 habeant.
1244 2229 1366 2300 (τῆς
1397 2226 1612 2296 λεπίδος
1648 2224 1782 2303 πρὸς
1817 2224 1946 2304 ἐροέν
1983 2226 2087 2298 τοὶς
2115 2236 2337 2290 §mvsa-

458 2299 577 2382 χθὲς
605 2298 852 2377 ὲχέσῃς)
887 2306 1148 2355 Rationem
1174 2299 1316 2366 hujus
1335 2299 1596 2353 struiturae
1618 2304 1807 2372 quaerit
1825 2300 1896 2357 N
1892 2300 2091 2373 igidius
2109 2301 2167 2357 F
2163 2301 2338 2374 igulus

462 2377 591 2447 apud
619 2370 946 2434 Macrobium
969 2373 1200 2428 Satur-nal.
1222 2379 1274 2426 II.
1294 2392 1395 2444 cap.
1429 2393 1446 2424 1
1463 2392 1507 2425 ρ.
1582 2374 1841 2443 Vulgatam
1867 2374 2037 2431 Plinii
2060 2376 2337 2432 lectionem

463 2458 644 2505 comm
670 2465 854 2521 aquam
884 2448 1030 2502 habet
1075 2452 1221 2502 cti-am
1265 2444 1569 2502 Vincentius
1592 2453 1739 2502 XVII.
1771 2468 1850 2516 29.
1896 2450 1981 2504 ubi
2013 2465 2068 2505 ut
2102 2456 2252 2506 etiam
2284 2457 2335 2507 in

462 2521 697 2586 Alberto,
710 2525 862 2576 exstat
879 2520 1184 2595 accipewder.
1219 2521 1314 2575 Sed
1324 2519 1578 2594 acipenser
1590 2541 1757 2577 veram
1773 2525 2057 2596 scripturam
2079 2527 2178 2580 effe*
2188 2528 2337 2583 docet

459 2594 737 2653 Martialis
757 2602 878 2650 xm.
901 2617 932 2663 9
947 2618 986 2650 1.
1762 2629 1765 2631 >

611 2674 962 2742 Acipenserem
1003 2690 1120 2723 cum
1158 2669 1303 2739 elope
1339 2670 1554 2722 eundem
1582 2668 1764 2724 faciunt
1802 2669 1936 2743 Apio
1967 2675 2336 2728 Grammaticus

466 2745 597 2816 apud
617 2743 918 2800 Athenaeum
948 2750 1044 2799 VII.
1068 2763 1113 2814 p.
1140 2751 1256 2806 364.
1308 2739 1542 2796 Lucilius
1565 2752 1707 2814 poeta
1740 2750 1952 2800 Surrenti
1974 2747 2144 2818 Ellopa
2169 2768 2338 2803 emen-

467 2820 586 2872 dum
606 2819 848 2873 suadebat.
926 2822 1112 2874 Contra
1148 2813 1442 2879 Columella,
1492 2837 1609 2871 cum
1642 2816 1859 2882 Ovidio,
1908 2825 2026 2873 VIII.
2067 2829 2142 2875 16.
2196 2829 2338 2877 Pam-

463 2893 632 2964 phylio
656 2898 778 2948 mari
796 2893 936 2964 elopa
957 2892 1197 2953 attribuit3
1251 2888 1312 2945 V
1308 2907 1434 2944 arro
1469 2897 1518 2943 11.
1548 2900 1596 2945 6.
1643 2893 1840 2963 elopem
1871 2895 1931 2947 ad
1963 2896 2178 2951 Rhodon
2209 2904 2337 2971 opti-

463 2987 604 3020 mum
624 2968 717 3022 effe
737 2969 920 3029 censet3
957 2967 1287 3038 acipenserem
1307 2984 1398 3017 nec
1412 2972 1414 2975 ’
1428 2963 1487 3019 V
1485 2983 1612 3020 arro
1642 2986 1734 3019 nec
1759 2965 2024 3023 Columella
2042 2988 2337 3026 memorant.

464 3054 608 3111 atque
631 3040 993 3112 Archestratus
1020 3041 1150 3112 apud
1171 3035 1484 3093 Athewaeum
1507 3040 1534 3093 l.
1557 3061 1598 3094 c.
1627 3044 1953 3114 acipenserem
1975 3064 2001 3098 a
2021 3049 2227 3100 Graecis
2249 3066 2340 3101 vo-

464 3119 564 3169 cari
587 3118 870 3171 existiinavit
889 3116 1085 3185 galeum
1113 3114 1393 3171 Rhodium..

2050 3189 2339 3262 Aristoteles
