2571 3775
462 320 567 378 136
1255 298 1549 344 ...-·'.......

456 441 820 515 explicandum.
837 463 841 466 ·
891 436 989 494 Etfi
1008 439 1142 492 enim
1158 434 1397 492 Aelianus
1416 442 1675 503 cent-tinas,
1709 456 1735 493 a
1757 440 1908 509 galeis
1927 439 2194 506 ἆίἷὶίηέὶος,
2215 441 2345 499 solos

456 522 648 574 videtur
671 535 846 588 parvos
867 513 1069 582 intelligi
1090 511 1240 575 velle,
1289 513 1412 566 dum
1439 518 1529 568 ait:
1587 519 1629 574 ὁι
1667 513 1722 576 δὲ
1743 517 1909 593 ἕτεροι
1930 515 2099 595 μικροὶ
2122 543 2199 576 τε.
2244 523 2273 571 i.
2295 537 2343 572 e.

457 590 645 666 reliqui
667 598 831 645 atatem
845 585 1038 662 parvi:
1082 585 1213 641 reiie
1235 601 1399 640 tamen
1432 594 1630 643 monuit
1655 593 1755 656 jam
1781 591 1903 644 olim
1923 590 2344 664 Com-‚Gesnems

459 670 564 722 duo
606 685 783 736 genera
829 663 1086 733 galeorum
1128 675 1187 735 et
1216 664 1549 715 centrinarum
1581 683 1610 717 a
1656 664 1857 720 canibus
1899 671 2109 720 cetaceis
2145 669 2243 732 jam
2281 666 2342 718 ab

460 740 666 798 Aeliano
697 738 832 793 ffiiffe
860 733 1106 798 distincta,
1155 735 1292 805 quod
1318 734 1383 787 ad
1407 738 1801 806 magnitudinem
1828 743 2022 804 attinet,
2068 755 2115 795 et
2147 744 2345 812 utrique

462 820 628 889 generi
653 813 804 866 cubiti
824 812 1100 864 mensuram
1120 805 1254 861 fuiffe
1276 810 1571 876 affignatam.
1646 816 1797 880 Igitur
1816 812 1948 866 reste
1977 834 2155 869 vocem
2169 812 2344 895 μικροὶ

460 890 682 944 vitiosam
701 887 884 940 censuit
909 898 962 938 et
994 882 1261 951 legendum
1289 878 1552 961 ὁμόχρες,
1611 888 1640 938 i.
1672 904 1713 945 e,
1744 887 2041 943 unicolores.
2114 894 2181 941 Ita
2211 893 2344 954 enim

459 963 591 1018 recle
611 958 847 1016 Aelianus
867 978 953 1014 eos
972 977 1000 1011 a
1024 975 1207 1026 genere
1228 957 1553 1011 mustelorum
1573 963 1715 1014 vario
1731 961 1993 1031 distinguit.
2095 966 2202 1016 Nec
2226 963 2345 1015 huic

459 1034 972 1094 emendationiobstat
1006 1031 1143 1106 quod
1162 1030 1312 1102 paulo
1348 1034 1457 1102 post
1485 1033 1693 1086 eosdem
1731 1054 1875 1089 canes
1896 1033 2143 1090 Aelianus
2176 1036 2350 1089 colore

462 1113 772 1166 candicantes
797 1109 898 1163 effe
911 1112 1003 1169 ait3
1054 1105 1208 1161 voluit
1228 1109 1365 1160 enim
1388 1105 1654 1163 distinctius
1677 1109 1903 1164 colorem
1926 1111 2153 1164 indicare.
2232 1109 2347 1182 Op·-

455 1185 649 1261 pianus
676 1184 882 1238 eosdem
911 1185 1151 1236 centrinas
1173 1179 1326 1234 altero
1348 1181 1550 1253 quidem
1572 1181 1687 1239 loco
1706 1180 1957 1254 κελαινές
1983 1181 2214 1257 app'ellat3
2243 1200 2346 1257 quo

462 1259 708 1315 vocabulo
731 1262 872 1326 niger
890 1255 1032 1311 color
1051 1255 1372 1324 fignificatur3
1406 1256 1488 1308 sed
1507 1256 1620 1310 licet
1648 1260 1799 1311 etiam
1830 1258 1995 1313 letales
2025 1262 2345 1331 interpretari,

463 1339 725 1408 praecipue
754 1334 872 1385 cum
900 1332 1034 1384 idem
1065 1329 1321 1400 epitheton
1353 1328 1504 1384 altero
1531 1334 1581 1383 in
1611 1330 1726 1385 loco
1750 1352 1862 1387 non
1893 1333 2001 1405 ipfis
2034 1333 2234 1386 canibus
2267 1332 2348 1386 sed

464 1429 643 1464 eorum
666 1407 854 1479 spiculis
877 1406 1098 1459 additum
1125 1403 1329 1472 legatur.
1403 1410 1477 1457 Ex
1510 1406 1600 1458 hac
1631 1410 1778 1475 igitur
1803 1407 2127 1478 disputatione
2157 1406 2347 1474 colligi-

464 1499 545 1538 tur
569 1482 858 1544 neceffario,
899 1476 1199 1551 Oppianum
1226 1497 1343 1531 cum
1374 1476 1576 1533 Aeliano
1603 1484 1654 1534 in
1688 1499 1752 1535 eo
1779 1483 2077 1545 consentire,
2115 1500 2348 1535 eommu-

468 1578 585 1612 nem
609 1557 821 1628 aliquem
842 1552 1099 1608 aud'torem
1115 1553 1334 1614 secut08‚
1374 1567 1428 1606 ut
1462 1571 1641 1607 canum
1673 1574 1701 1611 e
1741 1553 1920 1610 familia
1952 1561 2200 1610 maximos
2228 1559 2348 1608 cetis

466 1644 820 1692 annumerent,
852 1642 1000 1700 atque
1032 1631 1084 1680 in
1107 1626 1206 1681 alto
1230 1630 1355 1680 mari
1385 1627 1564 1696 degere
1594 1629 1809 1684 afferant.
1900 1632 2102 1703 Reliqua
2132 1631 2235 1684 duo
2263 1647 2349 1697 ge-

469 1725 586 1760 nera
605 1704 765 1758 multo
787 1708 978 1758 minora
999 1705 1048 1754 in
1067 1720 1229 1756 coeno
1255 1705 1400 1755 maris
1423 1701 1676 1772 profundo
1696 1704 1924 1759 habitant.
2002 1711 2202 1761 Horum
2230 1703 2348 1757 alte-

470 1800 582 1834 rum
626 1781 887 1832 communi
926 1779 1130 1830 nomine
1166 1774 1450 1843 galeorum,
1505 1776 1719 1840 catulos,
1767 1778 1927 1832 laeves
1981 1795 2030 1833 et
2067 1778 2347 1842 acanthum,

469 1858 658 1911 asterias
688 1854 771 1906 seu
790 1851 999 1907 stellatos
1022 1863 1071 1903 et
1092 1849 1324 1919 vulpinos
1354 1849 1726 1920 complectitur,
1765 1872 1943 1909 omnes
1973 1853 2143 1908 colore
2170 1856 2348 1915 varios,

469 1944 583 1983 cute
603 1927 845 1989 molliori,
881 1940 929 1979 et
949 1927 1102 1994 capite
1123 1923 1319 1985 latiore3
1369 1927 1445 1992 (et
1475 1923 1748 1993 obtufiore)
1799 1927 2005 1980 alterum
2037 1928 2154 1981 duas
2183 1925 2349 1981 saltem

467 2005 649 2076 species
679 2001 739 2054 ab
764 1998 970 2054 Aeliano
990 1996 1231 2053 distinctas
1258 2002 1517 2051 communi
1541 2004 1869 2055 centrinarum
1888 2007 2092 2056 nomine
2108 2004 2350 2072 'compre-

467 2078 667 2138 hendit,
707 2079 920 2145 primam
939 2070 1124 2143 spiculo
1144 2074 1326 2142 pinnae
1359 2071 1532 2127 dor-sah·
1551 2076 1687 2141 juxta
1715 2090 1860 2146 caput
1889 2075 2138 2147 apposito,
2178 2077 2350 2129 seeun-

466 2153 583 2207 dam
615 2149 798 2221 spiculo
829 2152 961 2216 juxta
993 2146 1202 2199 caudam
1237 2149 1512 2209 eminente,
1560 2161 1820 2221 utramque
1856 2150 2201 2212 unicolorem,
2239 2148 2349 2204 sub-

468 2226 836 2287 candicantem,
876 2225 1030 2291 capite
1052 2224 1298 2282 acutiore,
1331 2235 1445 2274 cute
1466 2223 1624 2291 aspera
1646 2226 1814 2291 magis.

618 2303 765 2352 Nunc
785 2298 844 2350 ad
868 2290 1180 2350 Athenaeum
1209 2294 1375 2347 redeo.
1452 2299 1496 2348 Is
1519 2313 1580 2347 ex
1604 2296 1800 2351 Hicefio
1825 2297 2025 2350 medico
2048 2299 2238 2350 asterias
2267 2313 2353 2365 ga-

470 2372 667 2426 leorum
688 2375 906 2442 optimos
929 2382 979 2422 et
1001 2366 1310 2422 molliffimos
1330 2367 1536 2433 judicat3
1588 2370 1670 2424 sed
1706 2372 1978 2424 meminiffe
2007 2385 2205 2442 oportet
2232 2376 2351 2424 eum

470 2447 532 2502 ad
550 2450 708 2500 carnis
730 2465 833 2499 non
856 2447 984 2497 cutis
1022 2440 1304 2514 qualitatem
1339 2442 1589 2511 respicere.
1696 2441 1911 2499 Dorion
1947 2444 2224 2515 alopeciam
2266 2445 2351 2497 seu

472 2519 729 2591 vulpinum
747 2518 942 2588 galeum
962 2520 1026 2569 ait
1042 2534 1273 2584 magnam
1294 2519 1493 2587 pinnam
1511 2520 1711 2585 (graece
1730 2521 1801 2572 est
1827 2518 2103 2589 simpliciter
2122 2514 2354 2595 λοφιοέν)

470 2596 532 2648 ad
561 2594 767 2648 caudam
788 2594 870 2646 seu
905 2597 953 2646 in
977 2590 1129 2646 cauda
1160 2589 1368 2652 habere,
1415 2594 1464 2642 in
1499 2591 1645 2645 dorlb
1673 2611 1795 2647 vero
1822 2593 2020 2646 nullam.
2095 2594 2253 2662 Qiod
2286 2592 2351 2645 de

471 2670 603 2739 spina
634 2667 761 2722 dorfi
794 2666 987 2720 absente
1013 2668 1079 2716 ait
1108 2683 1211 2718 non
1249 2664 1479 2719 convenit
1509 2669 1583 2727 ei,
1628 2684 1784 2737 quem
1818 2686 1910 2721 nos
1945 2667 2095 2720 hodie
2126 2666 2349 2737 squalum

471 2743 742 2814 alopeciam
771 2741 1084 2812 appellamus.
1205 2742 1356 2807 Igitur
1379 2735 1710 2794 Roncz'eletius
1739 2739 1908 2795 locum
1938 2741 2068 2793 hunc
2099 2741 2350 2793 medicina

473 2833 523 2870 et
542 2815 848 2871 correffione
869 2817 1089 2881 indigere
1111 2813 1306 2887 censuit.
1365 2812 1459 2864 Sed
1481 2832 1629 2885 quam
1659 2818 1698 2867 is
1719 2816 1859 2868 affert
1879 2815 2179 2867 medicinam
2200 2812 2351 2868 hodie

473 2891 645 2945 locum
669 2910 772 2945 non
795 2890 966 2951 habet3
1001 2886 1145 2940 leciio
1179 2891 1312 2939 enim
1344 2903 1405 2939 ex
1437 2886 1568 2941 libris
1599 2889 1783 2957 scriptis
1813 2902 1996 2941 mutata
2029 2889 2233 2960 quidem
2261 2890 2346 2949 est,

474 2966 557 3018 sed
576 2970 750 3018 vitium
773 2965 904 3017 idem
930 2960 1162 3034 praefert,
1195 2960 1229 3014 fi
1246 2964 1418 3014 vitium
1439 2961 1561 3014 velis
1583 2961 1777 3025 haberi,
1824 2963 1961 3035 quod
1990 2982 2092 3016 non
2121 2961 2348 3029 intelligi-

477 3057 616 3100 mus,
662 3058 756 3092 nec
806 3043 1072 3093 convenire
1117 3035 1341 3089 videmus
1384 3039 1608 3105 opinioni
1651 3051 1789 3089 antea
1833 3036 2121 3091 informatae
2165 3041 2348 3090 animo.

477 3113 782 3167 Notidanum
803 3110 1094 3185 Epaewems
1114 3110 1336 3166 medicus
1357 3110 2064 3182 epinotideum(gavamm-1350&
2077 3109 2353 3181 appellavit,

964 3230 987 3248 ,
2309 3196 2360 3236 et
