2571 3775
418 357 520 413 268

419 485 622 554 petitam
665 476 934 534 lec‘ioribus
969 477 1185 549 apposui.
1280 482 1468 533 Dentes
1502 478 1720 553 denique
1751 484 1941 554 equinis
1971 478 2147 535 similes
2177 482 2316 553 quod

422 562 486 610 ait
505 555 599 608 effe
633 551 899 608 Bellonius
942 568 989 606 et
1019 552 1223 606 maxillis
1261 558 1628 623 prominenteS,
1677 555 1759 609 etfi
1790 574 1901 608 eam
1932 558 2134 626 propter
2175 575 2319 610 com-

423 634 730 702 parationem
759 626 1188 698 reprehensionem
1218 625 1493 698 Zerewglzi
1521 633 1747 693 incurrit,
1788 645 1954 700 aperte
1985 645 2149 700 tamen
2184 634 2318 683 cani-

426 725 520 759 nos
555 719 745 758 tantum
789 708 1067 755 incurvatos
1109 701 1313 769 intelligi
1345 702 1524 765 voluit,
1574 704 1715 777 quod
1748 703 1866 758 fecit
1908 709 2057 759 etiam
2092 702 2317 758 Achilles

434 776 649 835 Totins,
708 791 789 829 aut
824 777 973 848 quem
1008 780 1049 829 is
1089 776 1304 848 sequitur
1331 773 1618 841 aucslorem,
1672 797 1736 832 ex
1764 797 1867 850 quo
1898 781 2125 834 nondum
2155 778 2319 850 publi-

428 868 540 907 cato
569 856 1000 922 comparationem
1029 869 1132 904 non
1164 853 1328 920 potuit
1357 848 1621 907 Bellonins
1652 851 1927 908 transferre.

599 1000 699 1070 Ipse
719 994 994 1070 Zerewghi
1012 1001 1152 1052 initio
1176 1001 1465 1052 narrationis
1479 1000 1690 1053 modum
1712 1015 1938 1072 capturae
1954 1002 2169 1056 eundem
2180 1000 2326 1073 plane

429 1072 576 1129 refert
596 1093 748 1147 quem
768 1071 988 1127 Achilles
1012 1070 1230 1141 Tatius;
1275 1073 1358 1126 sed
1384 1078 1433 1126 in
1462 1093 1525 1129 eo
1554 1080 1696 1145 ponit
1728 1076 1870 1130 Italus
1899 1077 2325 1148 hippopotamum

434 1168 626 1204 marem
648 1163 696 1201 et
716 1146 979 1210 feminam,
1021 1146 1200 1219 quibus
1225 1153 1408 1217 potitus
1429 1151 1495 1202 est
1511 1187 1525 1212 ,
1563 1151 1761 1220 vespere
1786 1171 1848 1205 ex
1869 1167 1993 1204 terra
2024 1155 2075 1204 in
2108 1154 2322 1205 fluvium

433 1225 695 1278 redeuntes
730 1226 782 1274 in
817 1220 1012 1275 foveam
1036 1221 1272 1275 incidiffe.
1356 1225 1510 1292 Quod
1531 1223 1563 1277 fi
1584 1244 1759 1278 verum
1782 1242 1830 1279 et
1851 1230 1901 1279 in
1921 1225 2054 1279 vicht
2073 1223 2326 1280 moribus-

435 1317 531 1372 que
553 1297 741 1351 belluae
760 1311 1056 1367 perpetuum
1080 1288 1172 1359 est,
1214 1296 1344 1349 male
1368 1295 1599 1351 Plinium
1624 1301 1769 1353 secuti
1799 1302 2056 1372 scriptores
2078 1303 2324 1353 recentio-

437 1392 513 1427 res
535 1373 683 1444 aliqui
710 1372 1126 1442 hippopotamum
1148 1370 1300 1424 notin
1331 1386 1522 1425 tantum
1555 1378 1693 1445 aquis
1725 1376 1890 1443 egredi
1923 1378 2112 1446 pastum
2143 1380 2193 1428 in
2230 1375 2323 1425 iata

435 1452 594 1500 vicina
618 1447 933 1514 tradiderunt.
993 1445 1087 1497 Sed
1112 1450 1412 1499 contrarium
1438 1447 1623 1501 docent
1636 1452 1872 1519 operosae
1884 1450 1958 1505 Cl.
1974 1443 2328 1521 Sparrmmmi
2344 1439 2352 1447 ’

435 1520 815 1576 observationes.
894 1519 1124 1582 Clamor,
1163 1539 1315 1592 quem
1336 1521 1625 1576 moribundi
1648 1524 1887 1587 edebant,
1926 1529 2051 1577 inter
2069 1524 2325 1576 hinnitum

435 1610 484 1650 et
503 1600 751 1664 mugitum
775 1595 983 1657 mediuS,
1008 1594 1282 1664 mugitibus
1302 1611 1468 1649 tamen
1487 1596 1682 1651 bovillis
1701 1603 1909 1669 propior
1928 1612 2043 1652 erat.
2111 1600 2324 1652 Corium

436 1672 771 1724 craffiffimum
806 1684 854 1722 et
887 1669 1216 1723 denfiffimum
1249 1668 1333 1723 nifi
1362 1689 1485 1743 aqua
1525 1672 1609 1725 diu
1650 1673 1927 1727 emollitum
1959 1678 2041 1726 vix
2081 1673 2181 1727 telo
2220 1669 2325 1723 ullo

436 1747 594 1816 potest
626 1747 882 1814 penetrari.
967 1744 1134 1798 Ridlus
1165 1749 1396 1798 immanis
1420 1748 1512 1808 est,
1555 1748 1708 1816 pedes
1738 1753 1788 1800 in
1826 1763 2082 1820 quaternas
2117 1744 2324 1814 ungulas

434 1821 554 1880 fiffi,
587 1818 878 1886 magnitudo
901 1837 1086 1890 equum
1112 1833 1159 1871 et
1179 1817 1416 1870 bubalum
1440 1825 1716 1872 maximum
1745 1824 1956 1893 superat,
1993 1823 2144 1874 cauda
2177 1822 2325 1873 testu-

439 1893 579 1946 dinea
597 1930 612 1956 ,
652 1893 733 1944 sed
755 1890 916 1945 multo
939 1895 1110 1958 major.
1220 1894 1449 1945 Rostrum
1481 1894 1555 1945 vel
1590 1895 1728 1947 nasus
1757 1916 1857 1949 non
1884 1895 2084 1949 refimus
2107 1898 2201 1957 est,
2241 1892 2326 1946 sed·

436 1966 599 2021 fimilis
623 1968 780 2019 rostro
800 1965 963 2018 bubali
983 2004 996 2028 ,
1036 1965 1199 2019 multo
1219 1980 1383 2019 tamen
1409 1969 1580 2032 major.
1656 1973 1750 2022 Pro
1773 1970 1884 2036 juba
1907 1975 2082 2042 equina
2111 1969 2193 2041 pili
2216 1967 2328 2021 bre·
2409 2032 2412 2033 γ

438 2060 521 2095 ves
545 2056 593 2093 et
614 2045 702 2093 rari
729 2044 778 2092 in
813 2039 944 2093 collo
979 2039 1174 2100 adsunt3
1223 2045 1333 2112 (qui
1355 2057 1520 2094 tamen
1548 2047 1595 2094 in
1620 2062 1828 2114 corpore
1858 2044 2048 2116 reliquo
2081 2043 2182 2097 fere
2215 2056 2327 2097 toto

438 2114 585 2185 depili
607 2116 819 2185 speciem
840 2114 1052 2187 aliquan]
1077 2113 1220 2180 jubae
1245 2115 1477 2185 praebere
1495 2131 1763 2187 potuerunt
1783 2116 2050 2173 Herodoto
2068 2119 2325 2190 aliisque.)

439 2196 554 2244 Vox
587 2193 712 2243 inter
737 2194 981 2258 mugitum
1003 2189 1350 2261 hinnitumque
1370 2191 1531 2243 media
1559 2193 1650 2252 (τῆς
1695 2193 1865 2247 dentes
1898 2213 1985 2247 ore
2017 2193 2178 2247 clauso
2206 2191 2324 2245 nulli

441 2268 673 2317 eminent.
752 2269 826 2316 Ex
858 2268 998 2317 corio
1030 2263 1221 2318 incolae
1250 2266 1377 2316 scuta
1422 2279 1470 2317 et
1505 2270 1741 2334 corrigias
1770 2272 1930 2321 varios
1952 2273 2000 2321 in
2021 2270 2133 2322 usos
2163 2269 2324 2319 confi-

442 2342 591 2391 ciunt.
667 2336 795 2391 Pilos
826 2342 874 2390 in
908 2356 1117 2408 corpore
1147 2356 1281 2391 raros
1312 2353 1361 2390 et
1392 2340 1706 2393 flavescentes
1734 2344 1815 2394 vix
1849 2344 2128 2413 conspicere
2163 2344 2324 2395 statim

443 2412 580 2473 licet3
628 2416 678 2464 in
710 2411 842 2466 collo
860 2426 1023 2465 tamen
1057 2414 1307 2466 craffiores
1341 2411 1488 2481 paulo
1526 2415 1727 2478 adsunt,
1775 2420 1893 2469 item
1932 2422 2048 2483 rari3
2101 2422 2150 2470 in
2185 2416 2323 2471 labiis

441 2485 650 2538 fasciculi
695 2486 912 2555 pilorum
948 2486 1260 2555 longiorum,
1306 2489 1591 2540 craffiorum
1614 2504 1662 2542 et
1681 2490 1937 2544 duriorum
1969 2493 2181 2562 speciem
2215 2510 2323 2558 my-

442 2562 626 2614 stacum
655 2560 900 2614 exhibent.
988 2561 1155 2616 Cauda
1185 2560 1346 2614 media
1379 2561 1440 2614 ad
1474 2577 1753 2616 extremum
1781 2565 1918 2636 plana
1948 2583 1999 2620 ut
2028 2570 2078 2619 in
2107 2565 2323 2635 anguilla

443 2637 534 2696 est,
570 2638 707 2697 cuius
731 2640 779 2688 in
811 2635 934 2706 pelle
955 2640 1022 2688 uti
1053 2638 1200 2688 etiam
1233 2639 1284 2687 in
1313 2633 1586 2690 femoribus
1611 2639 1842 2709 squamae
1867 2646 2101 2708 minutae,
2131 2640 2320 2694 albidae

442 2724 492 2763 et
513 2710 754 2762 rotundae
776 2725 1034 2779 apparent,
1070 2709 1273 2762 lentium
1295 2711 1613 2777 grandiorum
1643 2717 1996 2781 magnitudine.
2108 2716 2320 2777 Easdem

439 2784 660 2856 squamas
684 2783 796 2836 licet
818 2788 965 2837 ctiam
997 2789 1048 2836 in
1080 2782 1311 2854 peclote,
1372 2784 1505 2838 collo
1536 2799 1584 2839 et
1614 2790 1663 2839 in
1691 2787 1904 2857 partibus
1933 2790 2121 2863 aliquot
2150 2792 2322 2861 capitis

439 2860 735 2928 conspicere.
771 2858 1021 2924 (Caudam
1045 2863 1092 2910 in
1112 2857 1258 2912 latere
1270 2871 1480 2929 utroque
1494 2862 1816 2930 compressam
1827 2863 1945 2916 dicit
1953 2862 2323 2936 Sporrmmm.)

438 2935 601 2986 Aures
622 2932 822 3002 paulum
845 2949 1013 2986 acutae
1033 2933 1164 3002 pilos
1186 2937 1314 2986 intus
1334 2932 1516 2986 habent
1535 2933 1706 2988 breves
1730 2934 1922 2991 subtiles
1944 2955 1992 2992 et
2011 2941 2204 3004 densOS,
2243 2959 2319 2994 re-

439 3006 585 3078 liquis
618 3007 922 3061 concolores.
999 3006 1170 3061 Rics‘tus
1204 3011 1303 3061 oris
1333 3005 1546 3061 formam
1574 3009 1858 3079 quadratam
1880 3012 2051 3078 habet,
2090 3015 2318 3068 dentibus

440 3081 754 3153 quadraginta
790 3097 1001 3157 quatuor
1038 3096 1279 3145 armatUS,
1347 3100 1409 3137 ex
1447 3082 1623 3155 quibus
1668 3084 1863 3154 chalybs
1903 3090 2144 3158 igniculos
2174 3089 2318 3144 elicit.

2211 3167 2318 3220 Ore
