2571 3775
254 784 299 827 P.
323 790 415 834 114.

474 358 494 392 1
507 351 576 401 74
1273 342 1566 378 ·“““““··“·“““·----«-

467 465 708 519 chremes.
785 454 1117 518 *Rondeletius
1128 456 1263 512 hunc
1284 457 1519 529 hep-atum
1540 444 1785 514 diversum
1801 474 1954 532 putat,
1976 461 2113 533 quod
2127 462 2361 518 mustelae

464 539 627 596 similis
650 539 855 599 dicitur,
887 554 989 588 non
1009 552 1165 604 pagro
1187 548 1234 587 et
1267 533 1500 587 channae.
1553 535 1646 587 Sed
1672 541 1834 604 potuit
1850 533 2091 592 Aelianus
2119 538 2180 592 ad
2208 537 2364 592 solam

464 614 668 669 barbam
692 612 942 683 respicere.
1019 613 1169 678 Igitur
1190 608 1398 662 definire
1420 608 1537 661 nihil
1558 609 1734 664 ausim!

611 763 832 844 Κάπρος
865 768 894 817 i.
920 783 961 817 e.
987 764 1139 833 Aper.
1215 758 1516 832 Aristoteles
1547 768 1614 816 H.
1640 766 1705 818 A.
1740 769 1794 817 II.
1824 784 1901 829 13.
1950 784 2102 823 unam
2134 770 2366 838 utrinque

465 842 751 897 branchiam
771 839 1024 910 duplicem
1043 835 1205 889 habet.
1229 841 1306 889 IV.
1331 856 1361 901 9
1397 836 1493 903 lyra
1509 876 1523 901 ,
1564 838 1782 893 chromis
1813 853 1864 892 et
1887 857 2002 910 aper
2022 841 2239 896 Acheloi
2272 845 2365 895 flu·-

463 923 527 970 vii
558 914 711 969 veluti
734 917 1025 983 grunnitum
1056 911 1224 965 edunt.
1301 911 1454 964 Unde
1474 909 1684 967 Plinius
1704 919 1785 967 XI.
1817 933 1860 966 c.
1889 932 1911 977 5
1932 935 1949 966 r
1991 930 2039 968 et
2068 919 2107 969 is
2134 921 2220 988 qui
2249 934 2364 987 aper

463 1005 667 1046 vocatur
689 994 740 1043 in
761 987 993 1043 Acheloo
1012 1005 1159 1040 amne
1181 989 1472 1054 grunnitum
1495 986 1655 1040 habet.
1729 985 2014 1044 Athenaeus
2029 995 2150 1043 VIII.
2181 1010 2228 1060 p.
2247 1009 2304 1052 33
2327 1011 2364 1042 r.

464 1085 527 1122 ex
567 1061 827 1136 Aristotele
866 1061 1011 1117 refert
1047 1056 1291 1138 σκάφρον
1330 1074 1379 1113 et
1414 1080 1627 1131 porcum
1659 1062 1946 1116 fluviatilem
1987 1083 2167 1117 vocem
2202 1064 2366 1118 edere.

465 1142 599 1195 unde
631 1140 834 1210 suspicio
863 1136 1057 1190 suborta
1090 1149 1193 1188 erat
1227 1132 1528 1191 Rondeletio
1561 1136 1848 1190 alterutrum
1880 1137 2051 1191 locum
2077 1152 2368 1209 corruptum

464 1216 575 1271 effe.
655 1209 956 1282 Aristotelici
976 1210 1074 1264 loci
1100 1213 1432 1279 integritatem
1459 1213 1666 1281 praestat
1695 1230 1798 1265 non
1830 1211 1990 1266 solum
2012 1209 2248 1276 Plinius²
2284 1213 2365 1265 sed

466 1287 717 1346 Aelianus
739 1292 888 1341 etiam
915 1291 975 1339 X.
1007 1304 1026 1336 1
1048 1305 1085 1336 r.
1179 1287 1431 1338 Praeterea
1452 1283 1752 1356 Aristoteles
1783 1287 1846 1340 de
1875 1291 2035 1340 anima
2066 1292 2122 1340 II.
2147 1300 2172 1347 8
2210 1288 2365 1358 pisces

467 1362 687 1428 Acheloi
712 1361 910 1417 vocales
942 1374 991 1413 et
1008 1358 1130 1413 alios
1158 1373 1243 1412 aut
1265 1357 1511 1415 branchiis
1542 1374 1625 1413 aut
1653 1360 1741 1414 alia
1764 1376 1901 1432 parte
1930 1363 2108 1415 sonum
2132 1365 2365 1426 excitare,

468 1459 571 1493 non
596 1437 835 1508 pnimone
864 1451 912 1488 et
933 1434 1128 1502 larynge
1156 1451 1337 1487 vocem
1368 1434 1513 1487 edere
1546 1435 1717 1488 asserit,
1793 1441 2043 1489 Praeterea
2072 1433 2368 1489 Athenaeus

468 1533 530 1569 ex
551 1508 812 1582 Aristozfele
841 1524 955 1563 cute
985 1511 1147 1579 aspera
1182 1522 1231 1561 et
1251 1508 1503 1564 duriffima
1533 1508 1721 1562 tedium
1742 1512 1823 1563 ait.
1899 1515 1978 1563 De
1999 1510 2081 1562 sue
2106 1506 2368 1581 Epichar-

467 1588 540 1642 mi
562 1601 739 1658 poetae
762 1586 860 1656 ipse
882 1579 1175 1638 Athenaeus
1199 1587 1293 1635 VII.
1321 1602 1366 1653 p.
1392 1589 1513 1649 326.
1541 1583 1731 1636 dubitat
1750 1602 1812 1637 an
1844 1584 1980 1638 idem
2004 1583 2056 1637 fit
2087 1603 2203 1636 cum
2235 1602 2370 1655 apro.

466 1659 663 1718 Ovidio
687 1660 898 1713 Halieut.
931 1676 1028 1721 132
1061 1657 1169 1710 duri
1188 1671 1275 1710 aut
1306 1658 1400 1710 diri
1427 1657 1534 1712 sues
1567 1663 1902 1715 nominantur.
1981 1662 2169 1711 Mirum
2201 1672 2367 1712 tamen

467 1757 532 1792 ex
560 1732 754 1790 ovidio
786 1735 892 1787 sues
928 1752 1033 1787 non
1061 1728 1541 1785 retulissevPlinium.
1643 1738 1947 1809 Κωπρῖσκον
1975 1732 2204 1803 Diphilus
2237 1733 2368 1802 apud

469 1808 774 1865 Athenaeum
796 1808 926 1863 libro
940 1812 1010 1860 111.
1042 1826 1088 1877 p.
1116 1824 1232 1869 355.
1263 1819 1458 1859 murem
1482 1808 1645 1879 (μῦκ)
1678 1811 1826 1859 etiam
1847 1806 2077 1877 appellari
2099 1811 2160 1860 ait
2184 1807 2368 1860 durum

467 1901 519 1939 et
538 1885 773 1947 virosum,
812 1886 955 1937 corio
979 1895 1144 1934 tamen
1169 1881 1308 1933 suavi.
1348 1878 1436 1932 ubi
1456 1898 1636 1934 vocem
1656 1877 1870 1954 εὕς-ομομ
1900 1884 1930 1933 i.
1952 1900 1993 1934 e.
2015 1883 2213 1934 suavem
2237 1880 2364 1934 male

468 1955 802 2016 Rondeletius
831 1954 1238 2025 interpretabatur
1274 1954 1458 2007 durum
1487 1968 1537 2006 et
1568 1953 1826 2009 robustum
1844 1992 1858 2017 ,
1907 1970 1961 2008 ut
1987 1959 2184 2009 monuit
2217 1959 2365 2009 etiam

467 2032 620 2090 Com.
643 2030 836 2103 Gesner
862 2051 907 2102 p„
927 2049 953 2082 ρ
971 2049 1049 2096 14.
1133 2026 1413 2101 Oppianus
1433 2033 1467 2080 Ι.
1503 2047 1607 2095 174
1640 2048 1806 2083 mures
1836 2029 1918 2084 etfi
1946 2049 2123 2100 parvos
2152 2048 2365 2100 corpore

467 2108 681 2164 confisos
708 2121 874 2160 tamen
896 2109 1036 2158 corio
1059 2103 1187 2158 duro
1208 2118 1259 2157 et
1279 2101 1508 2156 dentibus
1528 2104 1682 2157 firmis
1715 2102 1953 2173 (crebris)
1983 2107 2194 2171 majores
2215 2109 2365 2157 etiam

467 2184 621 2257 pisces
643 2182 1003 2252 hominemque
1024 2179 1152 2232 adeo
1179 2178 1381 2246 aggredi
1403 2182 1558 2240 canit3
1597 2197 1750 2251 quem
1784 2178 1955 2232 locum
1982 2183 2172 2248 repetiit
2192 2175 2368 2232 Aelia-

467 2276 566 2313 mis
586 2262 666 2310 IX.
692 2274 777 2320 41.
854 2250 1137 2308 Marcellus
1162 2253 1349 2305 Sidetes
1372 2273 1416 2305 v.
1440 2270 1508 2317 30
1543 2272 1709 2305 mures
1743 2252 1872 2306 ben-e
1900 2268 2113 2306 armatos
2144 2253 2367 2322 appellat.

469 2337 620 2388 Hunc
650 2326 888 2402 Oppiani
935 2345 1131 2380 murem
1172 2328 1354 2396 piscem
1396 2326 1613 2379 eund-em
1654 2346 1772 2378 cum
1806 2323 2019 2399 Diphili
2050 2328 2263 2397 cap-risco
2300 2325 2368 2379 fa-

472 2411 539 2459 cit
566 2400 920 2463 Rondeletius‚
961 2400 1090 2453 nulla
1127 2399 1269 2471 plane
1308 2399 1396 2453 alia
1433 2403 1624 2454 ratione
1654 2399 1893 2454 adducius
1933 2400 2019 2454 nifi
2057 2400 2369 2455 similitudine

470 2483 706 2541 nominis,
730 2477 905 2529 duritie
928 2478 1052 2529 corii
1072 2489 1120 2528 et
1140 2475 1365 2528 dentium
1387 2473 1584 2528 robore.
1627 2479 1858 2546 Denique
1883 2476 2099 2529 eundem
2121 2474 2235 2529 facit
2247 2494 2367 2528 cum

468 2567 632 2628 porco
668 2551 884 2605 Nilotico
922 2549 982 2602 ab
1013 2549 1263 2603 Athenaeo
1303 2560 1352 2601 et
1376 2544 1692 2619 Aristobul0‚
1748 2549 2023 2603 Alexandri
2058 2551 2195 2604 socio
2232 2547 2366 2620 apud

471 2624 775 2685 S‘Zmbonem
794 2638 1075 2677 memorato
1099 2622 1225 2677 libro
1238 2627 1381 2676 XVII.
1415 2622 1500 2676 ubi
1519 2623 1803 2678 crocodilos
1828 2623 2065 2678 abstinere
2086 2624 2233 2677 refert
2250 2644 2366 2694 por·-

474 2709 543 2757 cis
568 2701 668 2755 Nili
686 2700 915 2754 rotundis
949 2712 994 2751 et
1019 2702 1069 2750 in
1095 2701 1253 2767 capite
1278 2698 1434 2767 spinas
1463 2697 1757 2767 periculosas
1779 2698 2039 2752 crocodilo
2070 2697 2367 2766 gerentibus.

474 2782 732 2848 Spinarum
759 2773 900 2827 ficum
934 2769 1055 2839 (ἐπὶ
1089 2771 1350 2847 κεφαλῇ)
1389 2769 1722 2826 Romieletius
1754 2776 2158 2843 interpretatione
2196 2773 2272 2825 sua
2304 2773 2367 2826 ad

475 2853 674 2905 dorsum
694 2852 918 2909 retraxit,
953 2846 1091 2918 quod
1122 2865 1225 2899 non
1245 2845 1477 2915 displicet.
1540 2847 1634 2900 Sed
1655 2851 1803 2900 tutius
1825 2848 2054 2901 videntur
2082 2846 2206 2900 mihi
2229 2852 2368 2918 porci

475 2925 680 2980 Nilotici
715 2922 850 2993 posse
887 2923 1163 2990 comparari
1196 2935 1314 2972 cum
1342 2918 1584 2989 delphinis
1617 2919 1712 2974 illis
1745 2939 1809 2973 ex
1839 2925 1962 2974 mari
1990 2921 2367 2976 occurrentibus

477 2997 759 3059 crocodilis,
793 3015 1010 3069 quorum
1031 2993 1238 3048 mollem
1264 2992 1432 3046 alvum
1451 2993 1710 3048 subeuntes
1734 2996 1892 3064 spiniS‚
1933 3015 2051 3069 quas
2073 2996 2218 3050 dorso
2243 3000 2367 3048 emi-

480 3089 648 3126 nentes
679 3085 881 3139 gerunt,
931 3069 1190 3123 vulnerant
1216 3081 1267 3120 et
1300 3065 1471 3135 fugant
1506 3066 1706 3121 bestiam
1749 3069 2029 3133 crudelem,
2084 3084 2136 3122 ut
2166 3069 2369 3123 aucsstore

478 3146 682 3203 Baibillo
714 3143 856 3199 refert
884 3141 1067 3200 Seneca
1089 3144 1287 3215 Quaest-
1305 3156 1459 3196 natur.
1484 3147 1561 3195 IV.
1587 3160 1632 3216 2.
1671 3157 1815 3216 atque
1846 3163 1908 3198 ex
1938 3163 2001 3200 eo
2023 3141 2232 3201 Plinius
2250 3148 2371 3195 VIII.

2220 3236 2261 3271 c,
2285 3235 2370 3284 ες,
