2571 3775
415 352 523 402 260
1211 358 1506 394 -ῑ--ε

405 476 504 531 lare
528 488 577 529 et
599 491 919 544 corrumpere
942 472 1138 529 soleant.
1216 473 1443 528 Caudam
1465 475 1613 543 igitur
1633 471 2309 546 hippopotamiEustathiua

404 551 522 605 dicit
554 549 752 602 craffam
771 568 861 621 pro
883 549 1046 611 brevi3
1091 547 1176 602 sed
1203 545 1332 602 forte
1364 547 1583 602 librarius
1615 547 1881 613 aberravit,
1932 550 2055 604 dum
2089 555 2304 629 παχεῖα

405 643 495 696 pro
524 626 770 701 βραχείᾳ
811 622 1072 683 scribebat;
1139 621 1319 675 deinde
1351 623 1603 676 maxillam
1642 623 1838 694 planam
1879 623 2168 692 (πλατεῖα)
2207 645 2303 696 pro

406 699 525 759 lata3
580 701 818 773 (ἐυρε-ἶω).
904 701 1144 750 Dentium
1174 699 1226 748 in
1258 714 1347 749 ore
1383 697 1626 768 triplicem
1659 699 1838 751 seriem
1862 700 2021 754 adeffe
2050 705 2141 763 ait,
2175 700 2306 755 duo-

406 772 500 827 bus
534 789 768 842 aprorum
791 775 840 823 in
861 789 1056 825 morem
1086 774 1379 831 incurvatis3
1438 771 1600 839 (53501
1633 770 1689 831 δὲ
1725 772 1866 832 ἔνδον
1897 778 2100 852 τριχῶς
2129 770 2300 836 πεπύ-

410 847 656 923 aevwroq),
684 844 778 896 sed
798 844 897 899 hoc
917 857 1240 913 augmentum
1262 843 1469 898 debetur
1498 847 1679 917 stupori
1707 844 1970 918 Eustathz'i
1984 886 1998 911 ,
2039 854 2123 921 qui
2155 849 2303 903 verba

417 916 560 975 Tatii
571 937 589 973 .·
649 913 710 978 τὸ
747 917 803 977 δὲ
830 919 1071 998 μέγεθος·
1109 917 1180 986 εἷς·
1219 913 1554 994 τριπλάσιον,
1608 921 1671 973 de
1704 921 1894 991 triplice
1928 923 2152 976 dentium
2182 924 2303 977 serie

411 998 755 1064 interpretatus
776 996 870 1056 est,
903 1012 1020 1045 cum
1041 992 1102 1045 de
1125 991 1316 1062 triplice
1345 993 1687 1061 magnitudine
1716 995 1940 1049 dentium
1973 1015 2089 1049 cum
2113 1002 2305 1068 equinis

413 1081 816 1139 comparatorum
839 1067 1084 1137 explicare
1103 1065 1319 1120 deberet.
1393 1071 1625 1140 Denique
1650 1087 1767 1121 cum
1794 1068 1845 1124 T
1838 1067 1980 1124 atius
2009 1072 2196 1140 pedum
2215 1091 2306 1125 un-

414 1141 581 1212 gulam
603 1140 880 1212 simpliciter
903 1141 1057 1194 fiffam
1085 1140 1274 1194 dixisset
1303 1136 1426 1215 (τήν
1451 1142 1622 1216 ὁπλήν
1644 1144 1812 1221 σχίζει
1837 1150 1892 1203 ἐν
1920 1145 2116 1223 χηλῇ.)
2194 1143 2307 1203 Eu-

402 1212 635 1289 stathz‘us
669 1230 840 1269 contra
883 1220 931 1268 in
967 1215 1092 1271 libro
1122 1212 1411 1286 Bulengeri
1435 1217 1595 1286 posuit
1624 1223 1721 1291 γῆν
1760 1215 1929 1292 ὁπλήν
1961 1217 2151 1296 σχιςῆν
2180 1217 2212 1295 ἦ
2238 1221 2309 1280 δι-

416 1286 607 1365 &Wlffl-
650 1289 735 1345 ubi
767 1285 995 1368 ὃιχηλῆν
1019 1288 1312 1344 emendabat
1343 1290 1515 1344 Gallus
1538 1295 1585 1343 in
1608 1295 1737 1346 notis
1757 1294 1818 1346 ad
1844 1291 2143 1365 Oppianum
2157 1313 2182 1364 ;
2220 1299 2307 1348 ita-

419 1384 516 1437 que
547 1364 727 1433 ungula
758 1364 904 1418 bifida
924 1366 1181 1417 diceretur.
1278 1371 1635 1418 Verumtamen
1656 1370 1842 1420 cumin
1867 1366 2059 1423 Allatii
2088 1370 2307 1423 editione

420 1439 547 1495 clare
566 1440 797 1509 scriptum
817 1441 969 1493 exstet
998 1433 1168 1513 ὁπλὴν
1198 1433 1388 1517 σχιςὴν
1420 1440 1489 1508 αἷς
1519 1463 1567 1516 χ
1603 1435 1726 1514 λῆν,
1783 1441 1918 1496 malo
1960 1442 2140 1496 librarii
2173 1461 2310 1498 erro-

420 1531 527 1567 rem
565 1517 615 1566 in
645 1511 769 1567 libro
799 1510 1111 1584 Bulengeri‚
1176 1532 1326 1586 quam
1361 1512 1503 1584 ipfius
1598 1512 1807 1585 ustatltii
1839 1535 2058 1571 errorem
2091 1536 2310 1586 arguere.

421 1590 654 1643 Formam
681 1587 893 1656 ungulae
918 1607 1035 1640 cum
1057 1586 1187 1640 nulla
1207 1586 1347 1642 bovis
1366 1601 1448 1640 aut
1469 1593 1601 1642 cervi
1631 1590 1791 1642 addita
1820 1595 2191 1662 comparatione
2223 1592 2311 1646 de-

425 1661 678 1715 claraverit
713 1660 765 1716 T
758 1659 923 1725 atius,
970 1661 1085 1715 licet
1105 1660 1340 1731 ungulam
1369 1681 1545 1731 graece
1575 1659 1758 1741 χηλῆν
1786 1664 1966 1719 ἀὶἐὶωι]
1999 1667 2309 1719 sensuvetiam

425 1734 586 1789 latiori
606 1741 931 1806 interpretari,
971 1750 1019 1789 et
1044 1738 1194 1805 ipsam
1213 1737 1558 1807 hippopotami
1581 1743 1806 1791 notitiam
1829 1739 1920 1792 hac
1944 1744 2089 1793 etiam
2112 1744 2160 1792 in
2175 1755 2311 1809 parte

426 1829 542 1871 cum
562 1825 729 1864 natura
751 1813 844 1881 ipsa
867 1819 915 1863 et
941 1814 1139 1863 veritate
1170 1814 1216 1862 in
1252 1811 1576 1864 concordiam
1603 1812 1842 1879 redigere.
1953 1809 2139 1888 Χηλὴν
2176 1818 2318 1873 enim.

427 1903 530 1938 non
552 1884 712 1938 solum
732 1884 793 1938 de
823 1888 933 1957 equi
967 1883 1148 1951 ungula
1177 1882 1325 1937 solida
1348 1881 1591 1952 Hesiodus
1602 1926 1618 1950 ,
1661 1886 1741 1938 sed
1769 1886 1831 1938 de
1863 1891 2026 1940 avium
2057 1893 2204 1940 etiam
2238 1888 2312 1941 di-

427 1962 540 2026 gitis
562 1974 609 2012 et
631 1957 874 2026 unguibus
905 1955 1176 2028 Sophocles
1219 1972 1267 2010 et
1300 1954 1587 2029 Euripides
1620 1957 1980 2022 adhibuerunt3
2027 1980 2311 2034 quanquam

425 2036 581 2102 poetis
602 2031 713 2102 plus
734 2036 783 2084 in
795 2031 1025 2085 vocabuli
1044 2030 1397 2100 significatione
1425 2031 1724 2086 insolentiori
1753 2033 1899 2088 licere
1919 2054 2070 2108 quam
2091 2035 2322 2108 scriptori.

424 2108 645 2178 prosaico
666 2103 802 2160 facile
823 2106 1017 2175 largior.

577 2257 688 2309 Post
722 2271 775 2308 ea
811 2269 1033 2325 tempora
1064 2253 1256 2307 nullum
1286 2255 1519 2327 equidem
1548 2259 1704 2325 reperi
1727 2255 1952 2309 hucdum
1973 2258 2216 2328 scriptoris
2239 2259 2314 2314 lo-

431 2347 573 2391 cum,
613 2333 696 2400 qui
736 2329 1081 2399 hippopotami
1121 2333 1346 2382 notitiam
1374 2328 1674 2398 prodiderim
1723 2344 1913 2400 praeter
1949 2350 2093 2393 eum,
2160 2352 2312 2405 quem

431 2405 569 2473 supra
596 2422 657 2457 ex
685 2402 830 2455 seculi
852 2404 972 2455 sexti
997 2404 1228 2472 scriptore
1248 2399 1429 2456 Cosam
1456 2401 1660 2455 laudavi.
1756 2407 1852 2457 Vix
1882 2409 2014 2458 enim
2039 2407 2215 2474 dignus
2246 2411 2319 2463 est

433 2476 572 2531 locus
602 2474 813 2538 Nomi,
861 2475 1221 2546 Panopolitani,
1274 2480 1696 2548 quimemoretur
1732 2496 1795 2530 ex
1832 2477 1958 2533 libro
1982 2486 2142 2533 XXVI
2187 2486 2313 2537 Dio-

431 2550 753 2618 nyfiacorum‚
780 2553 913 2604 versu
939 2573 953 2603 1
974 2573 995 2615 3
1022 2566 1070 2603 et
1090 2549 1418 2622 sequentibus,
1441 2549 1525 2603 ubi
1548 2550 1933 2622 hippopotamus
1954 2556 2058 2608 Indi
2079 2574 2234 2628 aeque
2255 2576 2314 2611 ac

429 2624 527 2678 Nili
550 2626 711 2679 incola
735 2640 896 2678 natare
919 2626 1251 2697 dicituraquas
1263 2625 1455 2678 findens
1479 2625 1659 2693 ungula
1681 2631 1844 2694 nigra;
1880 2628 1961 2681 sed
1983 2629 2126 2683 verba
2138 2649 2313 2699 graeca

427 2699 570 2776 ὁπλῇ
595 2698 979 2774 μελαμψηφῖδι
1010 2701 1116 2752 sunt
1137 2698 1349 2752 difficilia
1388 2713 1532 2771 atque
1555 2703 1766 2754 omnino
1798 2705 1973 2772 inepta.
2061 2708 2312 2758 Praeterea

427 2773 495 2828 illi
515 2773 738 2827 maxillae
760 2773 934 2842 longae
959 2768 1279 2850 (μηκεδοινοᾷ
1297 2769 1510 2851 γενύες)
1533 2775 1852 2842 affig113sstur3
1891 2790 1939 2828 et
1959 2780 2007 2828 in
2027 2776 2169 2831 litore
2191 2780 2312 2832 den·

427 2847 556 2900 tibus
587 2848 770 2901 serratis
805 2852 1059 2901 materiem
1094 2863 1142 2900 et
1165 2849 1640 2909 arundines-secare,
1687 2848 1892 2924 (ae'txm'i
1921 2848 2310 2928 καρχαρόδοντι,

426 2921 705 2998 διασχίξων
733 2917 900 2999 ῥάχιν
928 2919 1083 2996 ὕλης)
1117 2920 1342 2975 dentibus
1370 2931 1489 2974 vero
1527 2925 1579 2975 in
1611 2923 1818 2974 modum
1841 2922 1973 2977 falcis
2006 2932 2218 2980 curvatis
2239 2930 2309 2980 se..

427 3010 562 3063 getes
594 2997 844 3049 demetere
872 2997 1062 3049 dicitur.
1139 2996 1315 3051 Seculo
1336 2996 1539 3048 demum
1560 2999 1702 3049 tertio
1723 2997 2001 3061 etdecimo,
2043 2999 2125 3054 ubi
2147 3000 2310 3055 bonae

425 3068 611 3125 litterae
648 3071 893 3126 redivivae
924 3071 1066 3126 editis
1094 3067 1388 3142 Arzstocelz's
1415 3073 1826 3144 optimorumque
1857 3074 2146 3147 scriptorum
2183 3095 2309 3147 quo-

371 3164 374 3166 ·
875 3172 879 3176 ·
2088 3168 2302 3220 rumque
