2571 3775
351 348 455 420 276
1170 350 1462 389 ---·’

340 487 484 553 dices
514 484 667 536 antea
695 464 989 552 conspicuae
1030 484 1139 552 post
1179 498 1327 553 eaput
1372 479 1530 538 oculis
1559 482 1605 537 se
1635 468 1999 538 subtraxerunt.>
2067 473 2308 551 Modum,

272 608 276 611 Α
352 564 595 614 rationem
618 572 666 610 et
691 561 821 609 viam
837 594 851 618 ,
890 575 985 628 qua
1005 558 1102 610 sese
1123 556 1247 610 clam
1271 557 1554 612 subtrahunt
1578 559 1766 622 oculis,
1802 564 2030 627 ignorare
2050 562 2096 614 se
2120 561 2309 615 fatetur.

354 640 469 689 Hoc
490 647 656 686 tamen
678 632 903 692 ¹affirmat³
929 650 1044 683 cum
1059 631 1136 690 his
1157 633 1516 706 appendicibus
1538 632 1676 686 simul
1696 634 1854 704 adesse
1874 639 2004 688 intus
2021 635 2308 705 pulmones,

356 709 437 764 sed
459 712 708 761 minorem
729 711 779 757 in
799 705 989 758 molem
1013 707 1269 774 expansos.
1336 707 1460 760 Vide
1483 716 1610 778 opus
1631 713 1888 777 egregium
1910 711 1972 763 de
1994 715 2144 764 Ranis
2162 729 2210 780 p.
2227 723 2310 778 82.

370 874 375 878 ,
521 857 524 861 «
553 819 759 887 Cordyli
794 825 1104 873 mentionem
1155 818 1318 873 omifit
1353 817 1596 892 Pharin&
1626 856 1628 859 -
1661 837 1708 875 et
1757 822 1980 878 dubitare
2022 825 2137 878 licet
2188 844 2313 878 num

363 892 662 967 Aristoteles
716 912 951 946 ranarum
1010 899 1384 961 generationem
1447 897 1970 969 metamorphofinque
2033 899 2312 953 mirabilem

366 976 619 1040 cognitam
640 967 876 1021 habuerit.
955 971 1169 1034 Gyrinos
1192 984 1321 1022 certe
1345 975 1570 1039 nuspiam
1591 972 1848 1040 appellavit
1860 993 1878 1033 3v
1907 977 2094 1041 primus
2108 975 2313 1028 Aratus

366 1051 514 1119 eique
534 1043 635 1097 fere
658 1043 871 1114 aequal-is
885 1039 1157 1098 Nicander
1179 1049 1374 1111 gyrinos
1397 1059 1632 1116 tanquam
1655 1064 1884 1099 ranarum
1905 1046 2128 1100 sobolem
2150 1052 2317 1101 nomi-

336 1161 338 1165 ·
368 1137 480 1182 Παῖς
514 1136 562 1173 et
581 1137 706 1190 quae
728 1118 790 1169 de
811 1122 1097 1185 gyrinorum
1118 1124 1390 1172 mutatione
1411 1134 1572 1172 narrat
1590 1138 1651 1172 ex
1670 1120 1870 1174 austore
1892 1126 2069 1189 ignoto
2088 1118 2316 1184 Plinius³

370 1198 476 1251 satis
499 1194 572 1247 illa
598 1192 798 1246 obscura
821 1207 869 1245 et
892 1191 1103 1245 fabulosa
1126 1193 1245 1245 sunt.
1322 1193 1553 1246 Potuisset
1571 1193 1686 1248 alias
1709 1200 1996 1264 gyrinorum
2013 1200 2319 1267 comparatio

373 1265 691 1340 Aristotelem
726 1271 774 1319 in
803 1271 935 1318 viam
970 1265 1154 1319 rediam
1184 1268 1455 1338 perducere,
1484 1269 1742 1335 cordylum
1771 1272 2122 1341 inspicientem.
2220 1272 2318 1324 Sed

374 1346 474 1417 ipse
494 1344 553 1397 ad
576 1342 942 1411 respirationem
964 1342 1169 1411 piscium
1193 1362 1327 1395 nunc
1357 1358 1588 1396 revertor.

555 1451 638 1505 Ab
667 1452 759 1505 hac
788 1470 1094 1519 organorum
1124 1450 1366 1522 positione
1395 1452 1576 1506 diversa
1607 1454 1790 1523 pendet
1825 1458 1970 1507 etiam
2005 1456 2097 1524 ipsa
2122 1455 2324 1525 respira-

375 1531 527 1581 tionis
552 1531 700 1588 ratio,
736 1531 899 1579 minus
920 1525 1159 1597 perfeffhi,
1196 1546 1298 1599 quo
1325 1531 1481 1594 magis
1507 1530 1822 1581 instrumenta
1857 1546 2000 1581 extus
2022 1529 2167 1600 posita
2195 1532 2319 1582 lunt.

376 1607 429 1655 In
452 1601 619 1654 avibus
643 1602 886 1671 respiratio
909 1606 1136 1654 omnium
1169 1599 1507 1672 perfecffiffima
1540 1607 1803 1674 reperitur3
1842 1623 1924 1656 aer
1956 1608 2089 1656 enim
2110 1623 2195 1674 per
2215 1603 2323 1675 pul-

378 1677 557 1730 mones
596 1680 645 1727 in
674 1692 834 1728 totum
866 1695 1044 1745 corpus
1080 1676 1275 1748 ipsaque
1307 1676 1435 1730 adeo
1464 1678 1561 1730 offa
1599 1691 1832 1746 penetrat.
1945 1682 2036 1731 His
2065 1678 2321 1732 inferiores

380 1750 723 1823 quadrupedes
755 1753 1082 1819 respirationis
1115 1755 1303 1803 ratione
1335 1755 1497 1804 minus
1528 1750 1739 1821 persedia
1761 1790 1775 1812 ,
1831 1752 2127 1805 antecellunt
2155 1748 2321 1805 tamen

381 1823 638 1896 reptilibus
662 1839 709 1877 et
731 1823 1127 1896 quadrupedibus
1158 1828 1397 1894 oviparis;
1432 1824 1614 1877 habent
1639 1830 1773 1877 enim
1797 1825 1862 1877 illi
1883 1826 2144 1896 pulmones
2167 1831 2324 1894 magis
2382 1887 2389 1889 ‚

384 1899 575 1952 abditos
616 1917 763 1969 quam
807 1897 994 1967 reptilia
1028 1897 1250 1951 animalia
1275 1935 1289 1960 ‚
1347 1917 1472 1968 quae
1511 1900 1916 1966 praecordiorum
1953 1902 2037 1952 ussi
2070 1915 2152 1953 aut
2180 1901 2325 1970 plane

387 1988 577 2035 carent,
615 1987 697 2045 aut
723 1972 1038 2041 diaphragma
1067 1973 1401 2024 tenuissimum
1434 1971 1630 2025 bibant.
1705 1973 1883 2026 Insedia
1905 1974 2117 2047 denique
2139 1994 2326 2043 magno

385 2046 686 2100 foraminum
709 2065 920 2099 numero
951 2065 1115 2099 aerem
1146 2046 1386 2100 hauriunt.
1466 2045 1850 2112 (Perfefiionem
1874 2049 2200 2119 respirationis
2226 2069 2326 2122 quo

386 2119 521 2175 sensu
574 2119 777 2189 intelligi
825 2119 1099 2193 quibusque
1140 2140 1250 2174 eam
1293 2125 1423 2175 notis
1477 2122 1708 2190 cognosci
1755 2122 1966 2176 voluerit
2015 2128 2083 2177 vir
2131 2123 2328 2188 dodim,

388 2196 602 2265 dubito.)

568 2311 698 2359 Inter
744 2304 966 2376 aquatilia
1016 2304 1238 2357 animalia
1275 2303 1763 2375 pisces'perfeffiiore
1800 2307 2125 2376 respirationis
2166 2308 2327 2362 modo

392 2381 628 2451 gaudere,
693 2398 842 2451 quam
870 2378 1036 2431 mollia
1069 2393 1117 2430 et
1136 2379 1426 2445 conchylia,
1478 2380 1613 2449 plura
1646 2381 1830 2434 docent
1858 2381 2001 2450 figna.
2044 2417 2046 2420 .
2082 2386 2231 2450 Igitur
2258 2382 2326 2435 illi

393 2461 539 2513 etiam
558 2454 812 2507 branchias
836 2457 990 2521 magis
1010 2451 1221 2515 abditas,
1255 2452 1383 2506 >haec
1416 2469 1585 2507 contra
1613 2471 1754 2508 extus
1785 2455 1958 2526 positas
1990 2473 2038 2510 et
2057 2457 2327 2510 denudatas

392 2544 594 2599 gerunt3
639 2529 756 2581 hinc
784 2526 885 2580 fere
919 2526 1225 2580 oblitterarur
1250 2531 1299 2580 in
1329 2527 1403 2582 his
1435 2532 1602 2582 omnis
1631 2532 1880 2602 respiratio
1910 2550 2002 2585 nec
2023 2551 2131 2586 eam
2152 2530 2238 2585 nifi
2263 2550 2326 2585 ex

392 2604 612 2673 analogia
640 2606 848 2674 partium
871 2603 1138 2670 agnoscere
1162 2601 1287 2655 licet.

582 2715 901 2781 Organorum
924 2711 1106 2765 horum
1127 2714 1189 2764 ex'
1207 2710 1364 2765 forma
1386 2712 1506 2765 duas
1520 2715 1568 2764 in
1590 2706 1760 2766 claffes'
1775 2711 2129 2785 licetdispertiri
2148 2717 2329 2786 pisces3

394 2805 603 2859 quarum
652 2787 796 2840 altera
842 2786 1204 2854 cartilagineOS,
1259 2785 1404 2839 altera
1455 2786 1914 2858 acanthopterygios
1965 2789 2325 2860 coinpletsiitur.

395 2863 841 2931 Cartilagineorum
865 2860 1125 2913 branchiae
1149 2860 1356 2914 arcubus
1382 2861 1699 2929 cartilagineis
1719 2862 2060 2926 sustentantur,
2091 2884 2328 2920 numero-

393 2936 538 2992 fiores
562 2937 851 3007 plerumque
882 2954 1031 3008 quam
1059 2939 1108 2987 in
1144 2935 1287 2989 altera
1322 2935 1483 2998 classe,
1524 2954 1648 3007 quae
1685 2934 1943 2991 branchias
1978 2940 2194 2994 ossiculis
2216 2942 2330 2994 curss

394 3016 512 3064 vatis
533 3013 742 3072 adfixas,
776 3029 1039 3063 numerum
1059 3014 1419 3082 quaternarium
1442 3028 1698 3083 nunquam
1721 3012 2044 3079 excedentes,
2079 3033 2142 3069 eo
2163 3029 2328 3071 tamen

394 3086 639 3140 interdum
659 3086 738 3140 sed
757 3104 867 3140 raro
885 3084 1153 3139 inferiores.

2281 3237 2336 3288 In
