2571 3775
1070 317 1363 341 “““““““““““”
2091 320 2163 371 49

276 442 424 504 versu>
443 464 523 512 29.
558 442 777 503 thranian
812 435 1096 513 (θροινίων)
1119 447 1168 487 et
1197 432 1416 504 xiphian]
1439 445 1493 486 ut
1517 431 1729 486 diversos
1750 437 1974 488 nomina-t
1996 428 2162 487 simul:

280 520 591 577 Vocabulum
612 515 844 582 fignificat
869 510 968 564 telo
989 506 1119 581 quafi
1149 507 1266 560 sude
1300 522 1543 560 armatum
1575 507 1781 577 piscem3
1823 525 1996 574 graece
2026 512 2160 562 enim

275 592 479 673 39021205
507 587 788 660 paxillum,
839 598 888 636 et
937 583 1093 651 ligna,
1137 580 1315 653 quibus
1359 586 1586 651 parietesv
1610 579 1841 632 lateritios
1885 579 2160 644 includunt,

279 682 428 724 notat.
504 663 743 716 Videntur
767 661 979 712 omnino
1010 669 1198 710 veteres
1217 657 1479 726 scriptores
1499 654 1661 725 plures
1683 652 1960 721 gladiorum
1980 653 2160 723 species

276 743 496 808 >cognitas
519 734 761 795 habuiffe3
801 731 938 805 quod
958 750 1021 784 ex
1045 730 1138 783 hac
1156 733 1424 782 nominum
1441 732 1669 781 varietate
1694 725 1909 781 distind'ra
1925 763 1939 789 ‚
1975 739 2027 779 et
2057 745 2162 780 ma-

275 820 350 884 gis
375 816 523 866 etiam
545 829 609 863 ex
629 828 691 863 eo
724 825 931 877 arguere
963 804 1106 868 licet,
1143 804 1283 877 quod
1312 800 1562 858 Aelianus
1591 806 1815 857 minores
1842 803 1942 856 Istri
1969 800 2162 870 gladios

273 904 519 941 mucrone
539 903 700 938 carere
723 887 800 943 ait.
844 921 847 923 >

423 993 618 1048 Auctor
671 992 734 1047 de
779 1004 946 1043 natura
985 1005 1152 1041 rerum
1192 986 1322 1058 apud
1381 983 1441 1040 V
1439 981 1709 1039 iacentium
1733 989 1876 1037 XVII.
1913 1002 2018 1055 cap.
2044 997 2159 1045 128.

270 1065 489 1141 ,Zephius
511 1070 579 1121 est
605 1070 788 1120 marina
813 1062 970 1117 bellua
994 1061 1135 1114 valde
1153 1058 1505 1121 formidabilis,
1542 1073 1591 1111 et
1620 1062 1850 1112 omnium
1873 1058 2160 1114 animalium

268 1147 439 1213 generi
460 1142 600 1196 valde
628 1138 893 1200 diffimilis,
933 1134 1091 1189 forma
1110 1133 1393 1203 'fingularis3
1426 1132 1573 1193 huius
1608 1150 1827 1205 namque
1857 1130 2002 1203 caput
2024 1131 2059 1186 fi
2090 1137 2160 1185 vi-

274 1219 433 1279 dem,
473 1217 803 1270 monstrosum
836 1214 903 1265 est
936 1209 1175 1269 omnin03
1223 1207 1256 1261 fi
1285 1212 1384 1261 oris
1417 1206 1659 1274 abyssum,
1696 1205 1854 1276 fugies
1884 1205 2018 1260 Velut
2037 1210 2159 1259 ima-

269 1297 440 1362 ginem
466 1292 666 1357 morti83
723 1288 757 1342 fi
794 1284 1001 1347 oculos,
1061 1281 1316 1343 horrebis;
1362 1280 1395 1335 fi
1434 1281 1681 1353 reliquum
1709 1278 1914 1350 corpus,
1951 1277 2072 1335 ¹nihil
2105 1285 2156 1335 in

271 1366 417 1420 rebus
452 1364 602 1419 fimile
640 1379 687 1416 te
712 1360 877 1415 vidisse
905 1357 1146 1411 fateberis.
1282 1356 1466 1409 Eadem
1497 1354 1691 1408 diverfis
1723 1353 1883 1408 verbis
1915 1354 1976 1408 de
1994 1352 2156 1428 Zysio

268 1441 411 1493 tradit
434 1434 678 1494 Alhertus
697 1439 870 1488 XXIV.
892 1452 939 1504 p.
964 1451 1087 1498 245.
1111 1430 1158 1483 b.
1237 1426 1409 1485 Plinii
1435 1429 1606 1484 locum
1629 1430 1690 1482 de
1714 1428 1916 1483 navibus
1938 1448 1965 1482 a
1987 1429 2154 1498 gladio

271 1514 437 1568 ‘merfis
457 1516 646 1584 repetiit
669 1507 888 1580 'Isidorus
901 1526 924 1574 ,·
968 1505 1123 1560 verfio
1163 1518 1305 1558 vetus
1331 1504 1461 1575 apud
1495 1501 1558 1558 V
1554 1501 1821 1557 incentivam
1846 1503 1990 1556 XVII.
2012 1523 2053 1556 c.
2072 1522 2094 1566 5
2110 1521 2153 1566 5.

270 1607 333 1643 ex
358 1583 628 1658 Aristotele
652 1585 774 1638 haec
793 1586 954 1654 ponit:
995 1579 1228 1641 hastaros,
1256 1579 1309 1631 id
1329 1578 1394 1632 e'st
1411 1576 1604 1647 ‘gladius'
1634 1577 1867 1639 marinus,
1897 1577 2058 1631 fimilis
2084 1580 2154 1633 est

268 1654 512 1733 scorpioni
531 1675 579 1714 et
598 1657 809 1732 aequalis
835 1672 1061 1717 araneae,
1108 1667 1157 1706 et
1180 1652 1367 1705 inducit
1389 1671 1629 1721 magnum
1651 1651 1882 1706 dolorem
1913 1651 2153 1723 piscibus;

269 1739 482 1809 ideoque
524 1735 694 1787 saliunt
733 1731 1031 1784 multotiens.
1120 1731 1250 1780 Nam
1299 1741 1348 1780 et
1389 1726 1647 1798 delphinus
1678 1741 1881 1798 propter
1919 1726 2153 1782 dolorem

267 1811 366 1865 'salit
380 1848 395 1874 ,
434 1813 546 1883 quia
566 1807 652 1862 sub
671 1811 815 1878 pinna
840 1807 1071 1876 pungitur
1095 1800 1268 1855 aculeo
1292 1804 1395 1869 ejus
1416 1799 1499 1875 qui
1523 1800 1709 1869 gladius
1730 1815 1947 1854 vocatur.
2001 1801 2152 1855 Vides

270 1887 351 1938 hic
375 1887 592 1939 oestrum
613 1901 729 1936 cum
750 1880 914 1949 gladio
936 1874 1195 1939 confusum
1220 1875 1336 1929 effe!
1414 1872 1660 1929 Albertus
1691 1880 1863 1928 XXIV.
1899 1896 1945 1946 p.
1968 1894 2088 1941 242.
2109 1894 2152 1929 a.

269 1958 477 2013 Gladius
506 1960 572 2011 est
608 1958 776 2027 piscis,
815 1952 967 2026 quem
999 1953 1232 2006 nostrates
1268 1949 1474 2003 militem
1506 1963 1700 2003 vocant.
1792 1952 1870 2003 Est
1899 1950 1983 2003 hic
2008 1951 2150 2020 piscis

268 2033 451 2104 pellem
472 2031 658 2084 habens
678 2028 845 2082 delfini
867 2042 916 2081 et
938 2028 1149 2094 figuram
1181 2027 1406 2078 sturionis
1422 2061 1437 2087 ,
1483 2022 1568 2077 nifi
1588 2023 1724 2096 quod
1748 2023 1884 2093 pellis
1904 2023 2042 2094 plana
2063 2028 2149 2086 est,

269 2127 371 2161 non
390 2107 577 2177 aspera3
617 2118 665 2156 et
695 2102 776 2154 ubi
807 2103 972 2153 finitur
994 2100 1053 2151 ad
1073 2098 1279 2151 caudam
1295 2135 1310 2160 ‚
1346 2096 1594 2167 paullatim
1618 2102 1903 2150 terminatur
1923 2102 1973 2151 in
1992 2103 2147 2166 graci-

270 2182 479 2240 litatem3
525 2179 606 2232 sed
625 2180 782 2230 statim
806 2173 934 2247 quafi
952 2172 1149 2226 absciffo
1169 2176 1367 2242 corpori
1390 2173 1606 2239 infigitur
1631 2165 1782 2224 cauda
1807 2171 1897 2226 lata
1919 2186 1967 2226 et
1995 2169 2145 2225 bifur-

265 2270 382 2308 cata.
452 2257 643 2306 Dicitur
666 2264 830 2302 autem
850 2247 1038 2316 gladius
1052 2283 1067 2308 ,
1109 2246 1246 2317 quOd
1269 2247 1406 2298 nasus
1427 2250 1472 2299 ei
1488 2244 1669 2314 'longus
1692 2248 1760 2300 est
1785 2245 1891 2316 plus
1913 2265 2064 2318 quam
2082 2248 2145 2299 ad

269 2327 630 2397 longitudinem
655 2323 805 2377 cubiti
831 2318 878 2374 et
898 2320 1115 2382 dimidii,
1154 2333 1202 2372 et
1234 2317 1416 2372 diredle
1447 2318 1594 2372 habet
1616 2338 1828 2373 acumen
1859 2334 1909 2374 et
1932 2322 2142 2388 figuram

265 2403 439 2472 gladii,
477 2416 525 2454 et
560 2402 627 2454 est
656 2398 718 2451 de
747 2395 997 2450 substantia
1031 2398 1165 2462 nigra
1172 2431 1195 2455 0
1239 2410 1382 2465 quae
1415 2394 1583 2447 durior
1620 2396 1688 2447 est
1724 2393 1874 2465 quam
1900 2390 2060 2448 'cornu
2092 2410 2141 2449 et

267 2476 466 2530 mollior
489 2493 638 2546 quam
666 2491 738 2526 os.
815 2468 913 2522 Sub
949 2469 1064 2521 naso
1092 2482 1258 2520 autem
1290 2486 1392 2520 non
1421 2466 1569 2520 habet
1600 2484 1658 2521 os
1688 2469 1749 2520 ad
1782 2469 2055 2537 sugendum
2087 2482 2141 2524 ut'

264 2554 444 2612 sturio,
486 2548 568 2601 secl
589 2543 1065 2611 adgomedendum,
1106 2555 1160 2593 ut
1177 2541 1358 2603 salmo-5
1403 2556 1451 2594 et
1473 2540 1672 2595 inferius
1691 2557 1918 2595 mentum
1944 2546 2049 2610 ejus
2073 2547 2141 2598 est

264 2623 562 2692 triangulum
582 2635 631 2675 et
655 2618 922 2672 dentatum.
944 2647 1012 2656 --
1095 2619 1245 2669 Hunc
1268 2616 1448 2685 piscem
1472 2615 1570 2671 vidi
1601 2631 1860 2669 mortuum
1892 2621 2139 2686 integrum

264 2703 313 2753 et
332 2697 558 2751 manibus
576 2691 886 2750 contrectavi.
953 2693 1057 2743 Hic
1083 2690 1222 2760 piscis
1248 2688 1385 2742 valde
1409 2691 1477 2744 est
1494 2694 1714 2760 pinguis,
1745 2690 1938 2761 adipem
1957 2690 2141 2746 habens

264 2778 315 2826 in
335 2773 482 2826 dorso
514 2771 630 2824 ficut
647 2786 844 2841 porcus.
949 2760 1158 2819 Alberti
1189 2762 1450 2817 auctoritas
1469 2763 1568 2818 etfi
1609 2766 1709 2818 scio
1740 2784 1888 2837 quam
1920 2764 1974 2818 fit
2011 2766 2140 2818 nulla

264 2847 393 2917 ‘apud
417 2850 549 2900 viros
579 2842 822 2917 quosdam
853 2836 1054 2901 doctos,
1090 2837 1321 2910 equidem
1341 2852 1508 2891 tamen
1525 2857 1732 2893 omnem
1756 2839 1897 2909 plane
1922 2839 2075 2892 fidem
2096 2841 2139 2892 ei

261 2920 526 2988 abrogare,
563 2919 646 2971 ubi
668 2915 825 2972 oculis
845 2913 940 2984 ipse
961 2912 1166 2965 suis‘viia
1187 2926 1372 2974 narrat,
1409 2912 1685 2981 admodum
1705 2911 1892 2966 dubito.
1968 2910 2143 2975 Aelia-

263 3011 359 3047 nus
387 3007 486 3047 tam
510 2992 742 3060 ambigue
770 2989 831 3042 de
852 2985 1079 3040 dentibus
1112 2985 1359 3058 loquitur,
1411 3000 1464 3038 ut
1494 2987 1674 3039 nescias
1715 3006 1836 3039 num
1875 2985 2018 3057 plane
2051 3005 2142 3041 eos

260 3068 420 3124 adeffe
441 3081 620 3137 neget,
651 3084 714 3119 an
737 3061 897 3119 forma
918 3061 1134 3115 diversos
1167 3060 1228 3114 ab
1262 3058 1364 3114 aliis
1385 3059 1584 3129 intelligi
1606 3059 1828 3117 voluerit.

1242 3172 1293 3224 G
1924 3164 2143 3227 Thomas
