2571 3775
2050 347 2123 408 '47

249 475 388 549 quod
408 477 594 545 repetiit
611 467 858 525 Aelianus
876 471 934 520 11..
954 485 1035 526 50.
1146 466 1285 518 Idem
1305 462 1553 520 Aelianus
1572 472 1642 521 ΠΙ.
1674 488 1693 520 1
1710 481 1757 526 8.
1810 489 1870 523 ex
1902 471 2124 526 Leonida

250 553 482 618 Byzantio
500 549 646 599 maris
674 543 805 595 rubri
825 544 1007 612 piscem
1027 544 1250 593 nominat
1269 539 1518 610 phyfissum
1550 558 1597 595 et
1625 547 1781 612 pingit
1809 545 1943 611 gobii
1975 545 2126 598 adulti

252 622 614 692 magnitudine3
671 621 757 689 qui
790 635 883 669 nec
915 615 1091 669 oculos
1128 633 1220 666 nec
1249 633 1306 667 os
1333 613 1544 668 aliorum
1578 618 1781 685 piscium
1811 637 1983 680 more,
2033 638 2125 671 nec

250 695 502 751 branchias
523 694 773 762 ipsamque
793 694 958 761 capitis
971 691 1181 758 figuram
1201 689 1306 741 satis
1325 690 1594 759 expres-sam
1613 691 1695 743 sed
1718 691 1847 744 velut
1867 690 2131 744 adumbrau

248 786 349 825 tam
377 781 568 820 tantum
597 764 797 826 habeat3
852 763 938 817 sub
973 779 1140 817 ventre
1173 781 1293 816 vero
1322 762 1492 817 leviter
1517 768 1569 817 in
1601 785 1811 836 corpore
1844 766 2133 837 impreffum

248 845 445 913 reperiri
480 840 664 902 finum,
693 840 935 907 finaragdi-
953 838 1123 892 colore
1145 837 1419 898 lucentem3
1472 838 1604 892 hunc
1631 839 1788 893 finum
1816 840 1882 894 illi
1908 859 2001 910 pro
2036 858 2126 894 ore

247 931 296 970 et
319 915 475 970 oeulis
497 915 605 968 effe.
680 919 831 966 Hunc
853 928 1053 984 captum
1075 914 1157 965 esu
1179 930 1430 964 venenum
1456 912 1648 967 homini
1667 917 1866 978 afferre,
1906 914 2147 969 amesia-⁴

247 1005 356 1043 tum
377 1009 498 1043 vero
514 1008 664 1041 manu
686 991 843 1041 inflari
862 1003 910 1040 et
930 989 1144 1040 demum·
1157 991 1345 1055 rumpi3
1388 990 1438 1038 in
1457 1006 1592 1039 mare
1612 1006 1732 1042 vero
1758 994 1939 1042 iterum
1967 989 2135 1041 dimis-

247 1065 355 1118 sum
382 1064 563 1117 vesicae
582 1064 724 1115 instar
748 1067 884 1135 aquis
906 1066 1136 1115 innatare.
1255 1058 1410 1113 Gobii
1433 1061 1649 1129 speciem
1686 1061 1900 1134 aliq-uam
1938 1078 2019 1115 aut
2049 1082 2131 1129 cy-

249 1136 457 1208 clopteri
477 1136 676 1190 describi
696 1140 981 1207 putaverim.
1056 1132 1337 1189 Marcellus
1365 1134 1548 1188 Sidetes
1574 1137 1711 1188 versu
1733 1156 1818 1201 24.
1853 1137 2137 1205 bene-capi-

248 1226 433 1275 tatum,
474 1212 523 1264 id
536 1214 633 1274 est,
674 1230 864 1279 magno
882 1212 964 1263 seu
984 1208 1158 1279 pulcro
1179 1213 1360 1278 capite,
1385 1207 1598 1276 gobium·
1616 1216 1853 1264 nominat.
1906 1209 2133 1266 Ovidius

246 1286 456 1339 Halieut.
497 1305 610 1345 130·
661 1285 907 1338 lubricum
954 1299 1002 1336 ct
1039 1286 1172 1352 spina
1219 1282 1348 1335 nulla
1395 1302 1618 1336 nocuum
1654 1285 1864 1352 gobium
1908 1285 2134 1356 appellat.

248 1366 397 1429 Igitur
425 1364 466 1413 is
494 1360 557 1412 de
577 1360 674 1413 alio
694 1365 887 1413 marino
908 1360 1038 1428 pisce
1069 1358 1309 1430 loquitur,
1349 1375 1502 1429 quam
1537 1355 1828 1430 Oppianus.
1899 1363 1950 1413 A
1979 1358 2149 1416 Coln-.

248 1435 387 1488 mella
411 1439 524 1486 Vffl.
557 1456 572 1486 1
588 1455 636 1496 7.
673 1454 791 1486 cum
811 1452 1064 1486 cammaro
1087 1447 1134 1485 et
1153 1430 1370 1484 halecula
1393 1437 1675 1486 nominatur
1697 1430 1865 1505 gobio
1881 1432 2131 1505 {exiguus

247 1509 352 1562 Ubi
377 1511 621 1580 sequentia
650 1509 833 1562 docent
853 1508 914 1561 de
926 1511 1125 1560 marinis
1146 1506 1354 1575 piscibus
1373 1506 1493 1559 haec
1513 1513 1681 1560 omnia
1700 1509 1792 1561 effe
1805 1509 2136 1576 intelligenda..

247 1579 443 1638 Gobios
463 1603 525 1636 ex
546 1588 665 1636 mari
687 1587 737 1635 in
761 1587 1029 1636 fluviorum
1052 1584 1172 1635 ostia
1191 1596 1238 1634 et
1255 1579 1389 1633 lacus
1407 1581 1699 1636 adscendere
1714 1620 1728 1645 ,
1775 1597 1824 1635 et
1852 1597 1957 1635 tum
1986 1585 2130 1652 peffi-

246 1677 360 1711 mos
393 1659 474 1710 esu.
503 1658 595 1710 effe
627 1658 782 1710 afferit
811 1654 1041 1711 Galenus·
1062 1657 1124 1708 de
1149 1655 1384 1708 Aliment.
1416 1656 1594 1709 Facult.
1662 1654 1885 1726 Hicrfins
1905 1658 2130 1710 medicus

244 1732 381 1801 apud
401 1729 712 1785 Atlzenaezm
734 1736 928 1799 nigrOS,
970 1730 1148 1784 virides
1178 1732 1261 1784 seu
1290 1729 1538 1784 subluteos
1569 1746 1618 1784 et
1643 1733 1879 1785 candidos
1903 1751 2129 1786 comme-

243 1821 433 1868 morat,
468 1807 643 1859 virides
668 1805 891 1877 reliquis,
938 1806 1175 1858 candidos
1207 1808 1355 1872 nigris
1375 1803 1596 1875 praefert.
1662 1835 1664 1838 ·
1702 1806 1947 1859 Blennum
1973 1806 2128 1875 gobio

244 1879 452 1934 similem
484 1880 577 1933 effe
604 1885 670 1933 ait
690 1877 997 1933 Athenaeus,
1072 1879 1214 1932 Aliae
1238 1878 1428 1932 dialecti
1451 1884 1688 1934 Graeciae
1715 1880 1895 1949 gobios
1918 1882 2131 1952 appella-

248 1969 361 2007 runt
386 1950 601 2023 Κώθέςς,
640 1954 784 2006 Siculi
805 1950 1099 2023 Κώθωγας,
1140 1973 1166 2006 a
1187 1953 1354 2024 poculi
1377 1959 1440 2007 ita
1464 1953 1579 2007 dieii
1605 1954 1794 2009 fortasse
1815 1956 2127 2008 similitudine

249 2028 406 2100 aliqua
428 2033 477 2080 in
501 2033 656 2096 capite
676 2043 761 2081 aut
785 2043 894 2081 toto
913 2047 1138 2097 corpore.
1215 2027 1509 2082 Gobionem
1547 2030 1832 2083 fluviatilem
1860 2049 2012 2085 nemo
2042 2049 2131 2084 ve-

248 2119 412 2157 terum
435 2117 544 2154 ante
564 2099 847 2174 Ausoniam
868 2107 1129 2168 cognovit,
1162 2117 1245 2155 aut
1271 2107 1559 2156 nominavit.

394 2181 650 2243 Κωβῖτις,
684 2176 873 2229 Cobitis
904 2177 1068 2244 Apua.
1105 2174 1392 2246 Aristoteles
1415 2183 1489 2229 VI.
1523 2196 1597 2238 ις.
1648 2182 1791 2247 QJae
1827 2177 2001 2232 cobitis
2035 2198 2131 2232 no-
2181 2180 2315 2234 Nm·

246 2255 459 2304 minatur
490 2268 614 2320 apua
644 2264 926 2319 procreatur
953 2268 979 2301 a
1009 2254 1166 2318 parvis
1199 2265 1248 2303 et
1279 2250 1576 2318 ignobilibus
1606 2252 1786 2315 cobiiS,
1832 2258 1915 2325 qui
1947 2268 2127 2307 terram

247 2324 468 2378 subeunt.
554 2322 658 2376 Ubi
698 2321 855 2377 Gaza
892 2322 1236 2391 gobionariam
1279 2343 1455 2395 apuam
1503 2331 1854 2397 interpretatur.
1930 2325 2128 2382 Alberri

249 2399 402 2453 versio
432 2396 601 2450 habet:
649 2413 699 2450 et
719 2397 817 2450 hoc
838 2416 994 2466 genus
1016 2397 1214 2469 fameor
1242 2404 1549 2454 nominatur:
1596 2400 1769 2455 cobios
1794 2400 2128 2474 scarpolmon

198 2535 207 2543 ,
247 2477 484 2527 nominat.
566 2469 861 2525 Athenaeus
882 2469 1175 2542 Aristotelis
1210 2472 1382 2526 locumv
1401 2473 1484 2527 ubi
1507 2474 1676 2538 refert,
1716 2476 1889 2531 cobios
1908 2478 2000 2531 hos
2020 2468 2130 2548 par-

246 2568 337 2602 vos
359 2552 408 2600 in
431 2564 575 2598 arena
595 2546 774 2613 degere
794 2543 931 2599 simul
945 2550 1115 2615 ponit,
1136 2548 1363 2619 adeoque
1385 2549 1529 2602 verba
1554 2549 1835 2620 philosophi
1855 2552 2096 2622 explanat.

397 2619 614 2690 Xiphias.
663 2625 883 2694 Ζιφίως,
923 2620 971 2672 id
992 2623 1060 2674 est
1077 2620 1279 2689 gladius.
1317 2620 1611 2692 Aristoteles
1638 2627 1779 2678 HA.
1801 2631 1854 2679 11.
1885 2647 1959 2689 113.
1987 2626 2130 2680 bran·
2155 2630 2260 2674 Gen.
2275 2639 2342 2684 24.

244 2694 378 2749 chias
406 2698 633 2766 utrinque
668 2694 872 2747 odionas
897 2694 1112 2765 duplices
1135 2695 1295 2750 habet.
1409 2702 1461 2749 Η.
1499 2718 1540 2751 c.
1592 2720 1668 2758 ις.
1710 2700 1969 2754 vesiculam
1992 2700 2128 2755 ‘fellis

245 2772 479 2823 intestinis
499 2773 711 2821 vicinam
731 2768 902 2829 habet3
941 2784 1086 2841 atque
1112 2775 1175 2823 ita
1198 2776 1346 2824 etiam
1370 2765 1692 2847 lVillztglw'vy
1712 2775 1969 2829 vesiculam
1993 2776 2128 2829 collo

247 2843 530 2911 longissimo
569 2846 700 2907 iuxta
730 2846 949 2896 intestina
981 2844 1261 2912 dependere
1291 2844 1436 2898 refert
1464 2851 1540 2899 IV.
1570 2867 1671 2919 cap.
1701 2869 1776 2913 13.
1805 2852 1868 2903 de
1902 2850 2126 2903 Piscibus.

248 2917 453 2984 Thynni
474 2931 522 2970 et
546 2917 691 2984 gladii
712 2923 954 2986 agitantur
971 2916 1111 2981 afilo,
1160 2920 1246 2972 sub
1267 2925 1398 2973 canis
1419 2935 1664 2975 exortum.
1749 2929 1960 2995 Utrique
1992 2929 2127 2976 enim

244 3006 363 3045 tunc
382 2994 514 3054 iuxta
535 2995 704 3061 pinnas
725 2991 989 3062 (penoris)
1008 2994 1189 3063 species
1210 2999 1408 3056 vermis,
1441 3014 1589 3067 quam
1611 2997 1778 3050 asilum
1803 3000 1884 3051 seu
1905 3001 2125 3052 oestrum

243 3080 446 3127 vocant,
481 3066 726 3136 scorpioni
747 3066 979 3129 similem,
1018 3073 1178 3121 aranei
1204 3070 1569 3138 magnitudine,
1618 3074 1875 3126 innascitur
1904 3088 1950 3127 et
1984 3088 2122 3128 tanto

240 3139 415 3196 dolore
434 3138 647 3208 infestat,
682 3156 735 3195 ut
755 3142 1008 3198 interdum
1032 3142 1230 3200 exiliant
1260 3159 1310 3199 et
1335 3148 1386 3201 in
1418 3149 1609 3215 navigia
1635 3148 1867 3205 incidant.
1952 3148 2120 3202 Verfio

1933 3234 2114 3277 vetusta
