<?xml version="1.0" encoding="UTF-8"?>
<!DOCTYPE html PUBLIC "-//W3C//DTD XHTML 1.0 Transitional//EN"
    "http://www.w3.org/TR/xhtml1/DTD/xhtml1-transitional.dtd">
<html xmlns="http://www.w3.org/1999/xhtml" xml:lang="en" lang="en">
 <head>
  <title>
</title>
<meta http-equiv="Content-Type" content="text/html;charset=utf-8" />
  <meta name='ocr-system' content='tesseract 3.04.00' />
  <meta name='ocr-capabilities' content='ocr_page ocr_carea ocr_par ocr_line ocrx_word'/>
</head>
<body>
  <div class='ocr_page' id='page_1' title='image "./synonymiapiscium00arte_0326.png"; bbox 0 0 2571 3775; ppageno 0'>
   <div class='ocr_carea' id='block_1_1' title="bbox 1200 361 1490 369">
    <p class='ocr_par' dir='ltr' id='par_1_1' title="bbox 1200 361 1490 369">
     <span class='ocr_line' id='line_1_1' title="bbox 1200 361 1490 369; baseline 0 3406"><span class='ocrx_word' id='word_1_1' title='bbox 1200 361 1490 369; x_wconf 95' lang='lat' dir='ltr'> </span> 
     </span>
    </p>
   </div>
   <div class='ocr_carea' id='block_1_2' title="bbox 384 328 1490 387">
    <p class='ocr_par' dir='ltr' id='par_1_2' title="bbox 384 328 1490 387">
     <span class='ocr_line' id='line_1_2' title="bbox 384 328 1490 387; baseline -0.005 -27"><span class='ocrx_word' id='word_1_2' title='bbox 384 339 488 387; x_wconf 74' lang='lat'>3¹4</span> <span class='ocrx_word' id='word_1_3' title='bbox 1199 328 1490 355; x_wconf 59' lang='lat' dir='ltr'>unu—n.—</span> 
     </span>
    </p>
   </div>
   <div class='ocr_carea' id='block_1_3' title="bbox 362 447 2385 1790">
    <p class='ocr_par' dir='ltr' id='par_1_3' title="bbox 379 447 2325 893">
     <span class='ocr_line' id='line_1_3' title="bbox 504 447 2325 527; baseline 0.003 -25"><span class='ocrx_word' id='word_1_4' title='bbox 504 455 601 502; x_wconf 64' lang='lat' dir='ltr'>&#39;Ex</span> <span class='ocrx_word' id='word_1_5' title='bbox 624 449 768 504; x_wconf 63' lang='lat' dir='ltr'>distis</span> <span class='ocrx_word' id='word_1_6' title='bbox 789 449 920 521; x_wconf 79' lang='lat' dir='ltr'>patet</span> <span class='ocrx_word' id='word_1_7' title='bbox 946 447 1129 503; x_wconf 86' lang='lat' dir='ltr'>nullam</span> <span class='ocrx_word' id='word_1_8' title='bbox 1148 448 1249 503; x_wconf 86' lang='lat' dir='ltr'>fere</span> <span class='ocrx_word' id='word_1_9' title='bbox 1277 450 1420 504; x_wconf 88' lang='lat' dir='ltr'>aliam</span> <span class='ocrx_word' id='word_1_10' title='bbox 1453 450 1780 505; x_wconf 82' lang='lat' dir='ltr'>differentiam</span> <span class='ocrx_word' id='word_1_11' title='bbox 1808 453 2120 527; x_wconf 74' lang='lat' dir='ltr'>squamarum</span> <span class='ocrx_word' id='word_1_12' title='bbox 2152 458 2199 507; x_wconf 89' lang='lat' dir='ltr'>in</span> <span class='ocrx_word' id='word_1_13' title='bbox 2231 455 2325 508; x_wconf 47' lang='lat' dir='ltr'>fer*</span> 
     </span>
     <span class='ocr_line' id='line_1_4' title="bbox 379 524 2324 600; baseline 0.004 -24"><span class='ocrx_word' id='word_1_14' title='bbox 379 524 627 596; x_wconf 75' lang='lat' dir='ltr'>pentibuS‚</span> <span class='ocrx_word' id='word_1_15' title='bbox 657 525 844 579; x_wconf 86' lang='lat' dir='ltr'>lacertis</span> <span class='ocrx_word' id='word_1_16' title='bbox 868 539 914 578; x_wconf 81' lang='lat' dir='ltr'>et</span> <span class='ocrx_word' id='word_1_17' title='bbox 936 524 1143 596; x_wconf 76' lang='lat' dir='ltr'>piscibus</span> <span class='ocrx_word' id='word_1_18' title='bbox 1157 529 1374 595; x_wconf 80' lang='lat' dir='ltr'>reperiri,</span> <span class='ocrx_word' id='word_1_19' title='bbox 1403 525 1487 579; x_wconf 85' lang='lat' dir='ltr'>nifi</span> <span class='ocrx_word' id='word_1_20' title='bbox 1507 526 1539 578; x_wconf 88' lang='lat' dir='ltr'>fi</span> <span class='ocrx_word' id='word_1_21' title='bbox 1560 525 1688 580; x_wconf 79' lang='lat' dir='ltr'>forte</span> <span class='ocrx_word' id='word_1_22' title='bbox 1708 532 1756 580; x_wconf 90' lang='lat' dir='ltr'>in</span> <span class='ocrx_word' id='word_1_23' title='bbox 1777 529 2079 599; x_wconf 81' lang='lat' dir='ltr'>serpentibus</span> <span class='ocrx_word' id='word_1_24' title='bbox 2099 529 2324 600; x_wconf 86' lang='lat' dir='ltr'>pellicula</span> 
     </span>
     <span class='ocr_line' id='line_1_5' title="bbox 379 598 2325 676; baseline 0.003 -25"><span class='ocrx_word' id='word_1_25' title='bbox 379 614 607 668; x_wconf 79' lang='lat' dir='ltr'>argentea</span> <span class='ocrx_word' id='word_1_26' title='bbox 629 620 745 653; x_wconf 81' lang='lat' dir='ltr'>cum</span> <span class='ocrx_word' id='word_1_27' title='bbox 761 598 990 653; x_wconf 79' lang='lat' dir='ltr'>folliculis</span> <span class='ocrx_word' id='word_1_28' title='bbox 1007 605 1234 652; x_wconf 81' lang='lat' dir='ltr'>materiae</span> <span class='ocrx_word' id='word_1_29' title='bbox 1248 615 1503 667; x_wconf 72' lang='lat' dir='ltr'>argenteae</span> <span class='ocrx_word' id='word_1_30' title='bbox 1526 602 1608 654; x_wconf 89' lang='lat' dir='ltr'>seu</span> <span class='ocrx_word' id='word_1_31' title='bbox 1630 602 1937 655; x_wconf 82' lang='lat' dir='ltr'>lamellarum</span> <span class='ocrx_word' id='word_1_32' title='bbox 1954 603 2040 656; x_wconf 73' lang='lat' dir='ltr'>[ub</span> <span class='ocrx_word' id='word_1_33' title='bbox 2060 605 2325 676; x_wconf 82' lang='lat' dir='ltr'>squammis</span> 
     </span>
     <span class='ocr_line' id='line_1_6' title="bbox 380 673 2323 748; baseline 0.003 -22"><span class='ocrx_word' id='word_1_34' title='bbox 380 675 615 727; x_wconf 81' lang='lat' dir='ltr'>conditae</span> <span class='ocrx_word' id='word_1_35' title='bbox 649 675 806 735; x_wconf 79' lang='lat' dir='ltr'>deest,</span> <span class='ocrx_word' id='word_1_36' title='bbox 846 689 927 727; x_wconf 88' lang='lat' dir='ltr'>aut</span> <span class='ocrx_word' id='word_1_37' title='bbox 955 673 1080 730; x_wconf 84' lang='lat' dir='ltr'>forte</span> <span class='ocrx_word' id='word_1_38' title='bbox 1114 674 1250 727; x_wconf 82' lang='lat' dir='ltr'>aliter</span> <span class='ocrx_word' id='word_1_39' title='bbox 1280 673 1561 744; x_wconf 81' lang='lat' dir='ltr'>comparata</span> <span class='ocrx_word' id='word_1_40' title='bbox 1593 677 1982 731; x_wconf 46' lang='lat' dir='ltr'>ad‘exteriorem</span> <span class='ocrx_word' id='word_1_41' title='bbox 2010 679 2323 748; x_wconf 84' lang='lat' dir='ltr'>superficiem</span> 
     </span>
     <span class='ocr_line' id='line_1_7' title="bbox 379 749 2324 824; baseline 0.004 -24"><span class='ocrx_word' id='word_1_42' title='bbox 379 749 600 801; x_wconf 77' lang='lat' dir='ltr'>translata</span> <span class='ocrx_word' id='word_1_43' title='bbox 618 751 697 801; x_wconf 87' lang='lat' dir='ltr'>est.</span> <span class='ocrx_word' id='word_1_44' title='bbox 777 750 980 801; x_wconf 77' lang='lat' dir='ltr'>Videtur</span> <span class='ocrx_word' id='word_1_45' title='bbox 1004 752 1152 816; x_wconf 87' lang='lat' dir='ltr'>igitur</span> <span class='ocrx_word' id='word_1_46' title='bbox 1171 752 1314 815; x_wconf 84' lang='lat' dir='ltr'>origo</span> <span class='ocrx_word' id='word_1_47' title='bbox 1335 763 1480 821; x_wconf 88' lang='lat' dir='ltr'>atque</span> <span class='ocrx_word' id='word_1_48' title='bbox 1501 754 1866 804; x_wconf 85' lang='lat' dir='ltr'>incrementum</span> <span class='ocrx_word' id='word_1_49' title='bbox 1890 753 2253 824; x_wconf 71' lang='lat' dir='ltr'>squammarum</span> <span class='ocrx_word' id='word_1_50' title='bbox 2272 758 2324 808; x_wconf 85' lang='lat' dir='ltr'>in</span> 
     </span>
     <span class='ocr_line' id='line_1_8' title="bbox 381 822 1532 893; baseline 0.001 -18"><span class='ocrx_word' id='word_1_51' title='bbox 381 822 566 876; x_wconf 79' lang='lat' dir='ltr'>lacertis</span> <span class='ocrx_word' id='word_1_52' title='bbox 587 837 634 876; x_wconf 86' lang='lat' dir='ltr'>et</span> <span class='ocrx_word' id='word_1_53' title='bbox 653 822 956 893; x_wconf 78' lang='lat' dir='ltr'>serpentibus</span> <span class='ocrx_word' id='word_1_54' title='bbox 991 822 1135 892; x_wconf 84' lang='lat' dir='ltr'>plane</span> <span class='ocrx_word' id='word_1_55' title='bbox 1158 822 1251 875; x_wconf 84' lang='lat' dir='ltr'>effe</span> <span class='ocrx_word' id='word_1_56' title='bbox 1275 823 1532 876; x_wconf 78' lang='lat' dir='ltr'>diversum.</span> 
     </span>
    </p>

    <p class='ocr_par' dir='ltr' id='par_1_4' title="bbox 362 896 2385 1343">
     <span class='ocr_line' id='line_1_9' title="bbox 527 896 2385 968; baseline 0.004 -19"><span class='ocrx_word' id='word_1_57' title='bbox 527 902 579 950; x_wconf 91' lang='lat' dir='ltr'>In</span> <span class='ocrx_word' id='word_1_58' title='bbox 604 897 899 951; x_wconf 84' lang='lat' dir='ltr'>testudinum</span> <span class='ocrx_word' id='word_1_59' title='bbox 923 916 1103 966; x_wconf 85' lang='lat' dir='ltr'>genere</span> <span class='ocrx_word' id='word_1_60' title='bbox 1121 896 1276 950; x_wconf 67' lang='lat' dir='ltr'>saltim</span> <span class='ocrx_word' id='word_1_61' title='bbox 1297 897 1579 968; x_wconf 85' lang='lat' dir='ltr'>squammae</span> <span class='ocrx_word' id='word_1_62' title='bbox 1603 897 1785 952; x_wconf 75' lang='lat' dir='ltr'>Offibus</span> <span class='ocrx_word' id='word_1_63' title='bbox 1809 900 2166 963; x_wconf 81' lang='lat' dir='ltr'><strong>incumbentes,</strong></span> <span class='ocrx_word' id='word_1_64' title='bbox 2201 916 2255 955; x_wconf 88' lang='lat' dir='ltr'>ut</span> <span class='ocrx_word' id='word_1_65' title='bbox 2274 907 2323 956; x_wconf 88' lang='lat' dir='ltr'>in</span> <span class='ocrx_word' id='word_1_66' title='bbox 2382 929 2385 931; x_wconf 51' lang='lat'>&gt;</span> 
     </span>
     <span class='ocr_line' id='line_1_10' title="bbox 362 971 2322 1044; baseline 0.004 -21"><span class='ocrx_word' id='word_1_67' title='bbox 362 972 582 1042; x_wconf 76' lang='lat' dir='ltr'>piscium</span> <span class='ocrx_word' id='word_1_68' title='bbox 607 972 842 1042; x_wconf 74' lang='lat' dir='ltr'>capitibus</span> <span class='ocrx_word' id='word_1_69' title='bbox 864 971 1178 1044; x_wconf 86' lang='lat' dir='ltr'>partibusque</span> <span class='ocrx_word' id='word_1_70' title='bbox 1208 971 1311 1024; x_wconf 86' lang='lat' dir='ltr'>aliis</span> <span class='ocrx_word' id='word_1_71' title='bbox 1344 971 1514 1034; x_wconf 79' lang='lat' dir='ltr'>offeiS‚</span> <span class='ocrx_word' id='word_1_72' title='bbox 1549 971 1803 1027; x_wconf 73' lang='lat' dir='ltr'>manifesto</span> <span class='ocrx_word' id='word_1_73' title='bbox 1837 993 1938 1027; x_wconf 88' lang='lat' dir='ltr'>non</span> <span class='ocrx_word' id='word_1_74' title='bbox 1975 975 2133 1028; x_wconf 87' lang='lat' dir='ltr'>solum</span> <span class='ocrx_word' id='word_1_75' title='bbox 2166 975 2322 1030; x_wconf 80' lang='lat' dir='ltr'>forma</span> 
     </span>
     <span class='ocr_line' id='line_1_11' title="bbox 382 1048 2321 1118; baseline 0.004 -20"><span class='ocrx_word' id='word_1_76' title='bbox 382 1060 430 1099; x_wconf 87' lang='lat' dir='ltr'>et</span> <span class='ocrx_word' id='word_1_77' title='bbox 451 1048 814 1115; x_wconf 73' lang='lat' dir='ltr'>magnitudine,</span> <span class='ocrx_word' id='word_1_78' title='bbox 855 1048 936 1099; x_wconf 90' lang='lat' dir='ltr'>sed</span> <span class='ocrx_word' id='word_1_79' title='bbox 968 1051 1160 1115; x_wconf 84' lang='lat' dir='ltr'>origine</span> <span class='ocrx_word' id='word_1_80' title='bbox 1195 1050 1341 1098; x_wconf 85' lang='lat' dir='ltr'>ctiam</span> <span class='ocrx_word' id='word_1_81' title='bbox 1375 1062 1521 1118; x_wconf 82' lang='lat' dir='ltr'>atque</span> <span class='ocrx_word' id='word_1_82' title='bbox 1552 1050 1862 1103; x_wconf 86' lang='lat' dir='ltr'>incremento</span> <span class='ocrx_word' id='word_1_83' title='bbox 1891 1050 2148 1113; x_wconf 79' lang='lat' dir='ltr'>differunt,</span> <span class='ocrx_word' id='word_1_84' title='bbox 2189 1051 2321 1105; x_wconf 86' lang='lat' dir='ltr'>nulla</span> 
     </span>
     <span class='ocr_line' id='line_1_12' title="bbox 379 1121 2324 1193; baseline 0.003 -21"><span class='ocrx_word' id='word_1_85' title='bbox 379 1121 601 1193; x_wconf 80' lang='lat' dir='ltr'>pellicula</span> <span class='ocrx_word' id='word_1_86' title='bbox 644 1136 868 1190; x_wconf 84' lang='lat' dir='ltr'>argentea</span> <span class='ocrx_word' id='word_1_87' title='bbox 913 1122 1245 1174; x_wconf 70' lang='lat' dir='ltr'>intercedente</span> <span class='ocrx_word' id='word_1_88' title='bbox 1281 1135 1364 1173; x_wconf 89' lang='lat' dir='ltr'>aut</span> <span class='ocrx_word' id='word_1_89' title='bbox 1404 1125 1619 1174; x_wconf 78' lang='lat' dir='ltr'>exterius</span> <span class='ocrx_word' id='word_1_90' title='bbox 1661 1121 1866 1175; x_wconf 88' lang='lat' dir='ltr'>velante.</span> <span class='ocrx_word' id='word_1_91' title='bbox 1968 1124 2119 1178; x_wconf 51' lang='lat' dir='ltr'>Reae</span> <span class='ocrx_word' id='word_1_92' title='bbox 2157 1139 2324 1178; x_wconf 87' lang='lat' dir='ltr'>tamen</span> 
     </span>
     <span class='ocr_line' id='line_1_13' title="bbox 382 1194 2323 1272; baseline 0.003 -24"><span class='ocrx_word' id='word_1_93' title='bbox 382 1215 551 1248; x_wconf 86' lang='lat' dir='ltr'>earum</span> <span class='ocrx_word' id='word_1_94' title='bbox 591 1211 814 1249; x_wconf 85' lang='lat' dir='ltr'>naturam</span> <span class='ocrx_word' id='word_1_95' title='bbox 844 1196 905 1248; x_wconf 89' lang='lat' dir='ltr'>ad</span> <span class='ocrx_word' id='word_1_96' title='bbox 939 1195 1169 1272; x_wconf 61' lang='grc' dir='ltr'>φολίδων</span> <span class='ocrx_word' id='word_1_97' title='bbox 1213 1194 1491 1263; x_wconf 73' lang='lat' dir='ltr'>analogiam</span> <span class='ocrx_word' id='word_1_98' title='bbox 1522 1195 1683 1248; x_wconf 83' lang='lat' dir='ltr'>retulit</span> <span class='ocrx_word' id='word_1_99' title='bbox 1713 1200 1813 1263; x_wconf 85' lang='lat' dir='ltr'>jam</span> <span class='ocrx_word' id='word_1_100' title='bbox 1850 1197 1975 1251; x_wconf 90' lang='lat' dir='ltr'>olim</span> <span class='ocrx_word' id='word_1_101' title='bbox 2010 1197 2323 1271; x_wconf 66' lang='lat' dir='ltr'>Aristoteles,</span> 
     </span>
     <span class='ocr_line' id='line_1_14' title="bbox 381 1270 1798 1343; baseline 0 -20"><span class='ocrx_word' id='word_1_102' title='bbox 381 1289 543 1343; x_wconf 83' lang='lat' dir='ltr'>neque</span> <span class='ocrx_word' id='word_1_103' title='bbox 561 1271 648 1323; x_wconf 86' lang='lat' dir='ltr'>alia</span> <span class='ocrx_word' id='word_1_104' title='bbox 670 1270 763 1323; x_wconf 89' lang='lat' dir='ltr'>ulla</span> <span class='ocrx_word' id='word_1_105' title='bbox 789 1290 905 1323; x_wconf 89' lang='lat' dir='ltr'>cum</span> <span class='ocrx_word' id='word_1_106' title='bbox 929 1286 1064 1341; x_wconf 81' lang='lat' dir='ltr'>parte</span> <span class='ocrx_word' id='word_1_107' title='bbox 1085 1288 1372 1339; x_wconf 83' lang='lat' dir='ltr'>comparare</span> <span class='ocrx_word' id='word_1_108' title='bbox 1401 1289 1479 1323; x_wconf 89' lang='lat' dir='ltr'>eas</span> <span class='ocrx_word' id='word_1_109' title='bbox 1498 1270 1629 1322; x_wconf 68' lang='lat' dir='ltr'>re6le</span> <span class='ocrx_word' id='word_1_110' title='bbox 1654 1270 1798 1324; x_wconf 88' lang='lat' dir='ltr'>licet.=</span> 
     </span>
    </p>

    <p class='ocr_par' dir='ltr' id='par_1_5' title="bbox 376 1343 2340 1790">
     <span class='ocr_line' id='line_1_15' title="bbox 531 1343 2322 1416; baseline 0.001 -19"><span class='ocrx_word' id='word_1_111' title='bbox 531 1345 916 1398; x_wconf 84' lang='lat' dir='ltr'>Semicircularia</span> <span class='ocrx_word' id='word_1_112' title='bbox 938 1347 1219 1416; x_wconf 77' lang='lat' dir='ltr'>serpentum</span> <span class='ocrx_word' id='word_1_113' title='bbox 1240 1348 1289 1396; x_wconf 89' lang='lat' dir='ltr'>in</span> <span class='ocrx_word' id='word_1_114' title='bbox 1310 1360 1480 1397; x_wconf 84' lang='lat' dir='ltr'>ventre</span> <span class='ocrx_word' id='word_1_115' title='bbox 1503 1345 1650 1414; x_wconf 75' lang='lat' dir='ltr'>posita</span> <span class='ocrx_word' id='word_1_116' title='bbox 1674 1346 1802 1398; x_wconf 86' lang='lat' dir='ltr'>scuta</span> <span class='ocrx_word' id='word_1_117' title='bbox 1831 1343 2046 1399; x_wconf 83' lang='lat' dir='ltr'>referunt</span> <span class='ocrx_word' id='word_1_118' title='bbox 2073 1346 2250 1399; x_wconf 81' lang='lat' dir='ltr'>similes</span> <span class='ocrx_word' id='word_1_119' title='bbox 2274 1350 2322 1399; x_wconf 86' lang='lat' dir='ltr'>in</span> 
     </span>
     <span class='ocr_line' id='line_1_16' title="bbox 379 1418 2323 1493; baseline 0.002 -23"><span class='ocrx_word' id='word_1_120' title='bbox 379 1418 522 1472; x_wconf 90' lang='lat' dir='ltr'>Siluri</span> <span class='ocrx_word' id='word_1_121' title='bbox 557 1419 876 1486; x_wconf 85' lang='lat' dir='ltr'>eallichthyos</span> <span class='ocrx_word' id='word_1_122' title='bbox 906 1422 1161 1493; x_wconf 82' lang='lat' dir='ltr'>squamae3</span> <span class='ocrx_word' id='word_1_123' title='bbox 1216 1418 1382 1491; x_wconf 86' lang='lat' dir='ltr'>aliquo</span> <span class='ocrx_word' id='word_1_124' title='bbox 1415 1420 1569 1490; x_wconf 85' lang='lat' dir='ltr'>usque</span> <span class='ocrx_word' id='word_1_125' title='bbox 1596 1424 1744 1473; x_wconf 83' lang='lat' dir='ltr'>etiam</span> <span class='ocrx_word' id='word_1_126' title='bbox 1771 1421 1999 1491; x_wconf 88' lang='lat' dir='ltr'>squamae</span> <span class='ocrx_word' id='word_1_127' title='bbox 2029 1422 2323 1473; x_wconf 85' lang='lat' dir='ltr'>transversae</span> 
     </span>
     <span class='ocr_line' id='line_1_17' title="bbox 376 1491 2340 1565; baseline 0.001 -20"><span class='ocrx_word' id='word_1_128' title='bbox 376 1492 555 1562; x_wconf 87' lang='lat' dir='ltr'>longae</span> <span class='ocrx_word' id='word_1_129' title='bbox 595 1499 645 1546; x_wconf 89' lang='lat' dir='ltr'>in</span> <span class='ocrx_word' id='word_1_130' title='bbox 696 1494 964 1548; x_wconf 77' lang='lat' dir='ltr'>abdomine</span> <span class='ocrx_word' id='word_1_131' title='bbox 1006 1495 1207 1564; x_wconf 88' lang='lat' dir='ltr'>clupeae</span> <span class='ocrx_word' id='word_1_132' title='bbox 1249 1493 1405 1546; x_wconf 88' lang='lat' dir='ltr'>alosae</span> <span class='ocrx_word' id='word_1_133' title='bbox 1452 1497 1556 1546; x_wconf 90' lang='lat' dir='ltr'>eius</span> <span class='ocrx_word' id='word_1_134' title='bbox 1576 1531 1591 1556; x_wconf 84' lang='lat'>‚</span> <span class='ocrx_word' id='word_1_135' title='bbox 1667 1513 1817 1565; x_wconf 87' lang='lat' dir='ltr'>quam</span> <span class='ocrx_word' id='word_1_136' title='bbox 1872 1499 2029 1564; x_wconf 83' lang='lat' dir='ltr'>pinxit</span> <span class='ocrx_word' id='word_1_137' title='bbox 2076 1491 2340 1548; x_wconf 75' lang='lat' dir='ltr'>Bloclzius&#39;</span> 
     </span>
     <span class='ocr_line' id='line_1_18' title="bbox 379 1568 2322 1641; baseline 0.001 -21"><span class='ocrx_word' id='word_1_138' title='bbox 379 1568 510 1621; x_wconf 89' lang='lat' dir='ltr'>Tab.</span> <span class='ocrx_word' id='word_1_139' title='bbox 530 1574 689 1621; x_wconf 87' lang='lat' dir='ltr'>XXX.</span> <span class='ocrx_word' id='word_1_140' title='bbox 765 1574 895 1623; x_wconf 86' lang='lat' dir='ltr'>Nam</span> <span class='ocrx_word' id='word_1_141' title='bbox 926 1573 1283 1638; x_wconf 78' lang='lat' dir='ltr'>cognominem</span> <span class='ocrx_word' id='word_1_142' title='bbox 1312 1568 1472 1620; x_wconf 89' lang='lat' dir='ltr'>Rheni</span> <span class='ocrx_word' id='word_1_143' title='bbox 1504 1582 1552 1620; x_wconf 88' lang='lat' dir='ltr'>et</span> <span class='ocrx_word' id='word_1_144' title='bbox 1583 1572 1833 1641; x_wconf 78' lang='lat' dir='ltr'>Sequanae</span> <span class='ocrx_word' id='word_1_145' title='bbox 1865 1569 2079 1623; x_wconf 87' lang='lat' dir='ltr'>incolam</span> <span class='ocrx_word' id='word_1_146' title='bbox 2114 1587 2170 1622; x_wconf 93' lang='lat' dir='ltr'>ea</span> <span class='ocrx_word' id='word_1_147' title='bbox 2207 1583 2322 1623; x_wconf 87' lang='lat' dir='ltr'>nota</span> 
     </span>
     <span class='ocr_line' id='line_1_19' title="bbox 379 1642 2321 1717; baseline 0.001 -22"><span class='ocrx_word' id='word_1_148' title='bbox 379 1661 544 1696; x_wconf 79' lang='lat' dir='ltr'>carere</span> <span class='ocrx_word' id='word_1_149' title='bbox 582 1644 789 1697; x_wconf 82' lang='lat' dir='ltr'>affirmat</span> <span class='ocrx_word' id='word_1_150' title='bbox 818 1643 892 1699; x_wconf 92' lang='lat' dir='ltr'>Cl.</span> <span class='ocrx_word' id='word_1_151' title='bbox 918 1642 1180 1698; x_wconf 61' lang='lat' dir='ltr'>Hei-mmm</span> <span class='ocrx_word' id='word_1_152' title='bbox 1209 1645 1496 1697; x_wconf 86' lang='lat' dir='ltr'>Comment.</span> <span class='ocrx_word' id='word_1_153' title='bbox 1531 1642 1712 1696; x_wconf 89' lang='lat' dir='ltr'>Tabul.</span> <span class='ocrx_word' id='word_1_154' title='bbox 1740 1644 1934 1697; x_wconf 86' lang='lat' dir='ltr'>Affinit.</span> <span class='ocrx_word' id='word_1_155' title='bbox 1964 1664 2010 1717; x_wconf 88' lang='lat' dir='ltr'>p.</span> <span class='ocrx_word' id='word_1_156' title='bbox 2032 1650 2147 1708; x_wconf 80' lang='lat'><strong>326.</strong></span> <span class='ocrx_word' id='word_1_157' title='bbox 2170 1661 2321 1716; x_wconf 88' lang='lat' dir='ltr'>quem</span> 
     </span>
     <span class='ocr_line' id='line_1_20' title="bbox 379 1717 1480 1790; baseline -0.002 -19"><span class='ocrx_word' id='word_1_158' title='bbox 379 1719 745 1790; x_wconf 84' lang='lat' dir='ltr'>squammarum</span> <span class='ocrx_word' id='word_1_159' title='bbox 768 1719 890 1773; x_wconf 85' lang='lat' dir='ltr'>haee</span> <span class='ocrx_word' id='word_1_160' title='bbox 919 1718 1182 1774; x_wconf 84' lang='lat' dir='ltr'>fimilitudo</span> <span class='ocrx_word' id='word_1_161' title='bbox 1206 1737 1311 1771; x_wconf 89' lang='lat' dir='ltr'>non</span> <span class='ocrx_word' id='word_1_162' title='bbox 1335 1717 1480 1770; x_wconf 86' lang='lat' dir='ltr'>latuit.</span> 
     </span>
    </p>
   </div>
   <div class='ocr_carea' id='block_1_4' title="bbox 983 1876 1713 1931">
    <p class='ocr_par' dir='ltr' id='par_1_6' title="bbox 983 1876 1713 1931">
     <span class='ocr_line' id='line_1_21' title="bbox 983 1876 1713 1931; baseline -0.007 -1"><span class='ocrx_word' id='word_1_163' title='bbox 983 1879 1082 1930; x_wconf 90' lang='lat' dir='ltr'>DE</span> <span class='ocrx_word' id='word_1_164' title='bbox 1137 1878 1330 1931; x_wconf 85' lang='lat' dir='ltr'>SEVO</span> <span class='ocrx_word' id='word_1_165' title='bbox 1379 1876 1713 1929; x_wconf 90' lang='lat' dir='ltr'><strong>PISCIUM.</strong></span> 
     </span>
    </p>
   </div>
   <div class='ocr_carea' id='block_1_5' title="bbox 375 1989 2325 2741">
    <p class='ocr_par' dir='ltr' id='par_1_7' title="bbox 375 1989 2325 2741">
     <span class='ocr_line' id='line_1_22' title="bbox 525 1989 2325 2067; baseline -0.003 -18"><span class='ocrx_word' id='word_1_166' title='bbox 525 1993 823 2067; x_wconf 69' lang='lat' dir='ltr'>Aristoteles</span> <span class='ocrx_word' id='word_1_167' title='bbox 846 2000 907 2049; x_wconf 81' lang='lat' dir='ltr'>H.</span> <span class='ocrx_word' id='word_1_168' title='bbox 933 1997 996 2048; x_wconf 83' lang='lat' dir='ltr'>A.</span> <span class='ocrx_word' id='word_1_169' title='bbox 1013 2000 1085 2048; x_wconf 90' lang='grc' dir='ltr'>ΠΙ.</span> <span class='ocrx_word' id='word_1_170' title='bbox 1108 2013 1183 2057; x_wconf 88' lang='lat'>17.</span> <span class='ocrx_word' id='word_1_171' title='bbox 1205 1996 1411 2066; x_wconf 85' lang='lat' dir='ltr'>piscium</span> <span class='ocrx_word' id='word_1_172' title='bbox 1438 1998 1585 2047; x_wconf 88' lang='lat' dir='ltr'>etiam</span> <span class='ocrx_word' id='word_1_173' title='bbox 1606 1994 1774 2045; x_wconf 88' lang='lat' dir='ltr'>sevum</span> <span class='ocrx_word' id='word_1_174' title='bbox 1795 1991 1922 2062; x_wconf 86' lang='lat' dir='ltr'>adipi</span> <span class='ocrx_word' id='word_1_175' title='bbox 1948 1989 2099 2044; x_wconf 76' lang='lat' dir='ltr'>{imile</span> <span class='ocrx_word' id='word_1_176' title='bbox 2123 1992 2204 2053; x_wconf 79' lang='lat' dir='ltr'>est,</span> <span class='ocrx_word' id='word_1_177' title='bbox 2232 2008 2325 2044; x_wconf 90' lang='lat' dir='ltr'>nee</span> 
     </span>
     <span class='ocr_line' id='line_1_23' title="bbox 378 2064 2322 2142; baseline -0.003 -20"><span class='ocrx_word' id='word_1_178' title='bbox 378 2072 692 2138; x_wconf 70' lang='lat' dir='ltr'>congelatur-3</span> <span class='ocrx_word' id='word_1_179' title='bbox 734 2071 816 2123; x_wconf 90' lang='lat' dir='ltr'>ubi</span> <span class='ocrx_word' id='word_1_180' title='bbox 841 2086 1002 2124; x_wconf 82' lang='lat' dir='ltr'>tamen</span> <span class='ocrx_word' id='word_1_181' title='bbox 1027 2071 1208 2124; x_wconf 79' lang='lat' dir='ltr'>Codex</span> <span class='ocrx_word' id='word_1_182' title='bbox 1230 2069 1469 2124; x_wconf 83' lang='lat' dir='ltr'>Canifiani</span> <span class='ocrx_word' id='word_1_183' title='bbox 1494 2083 1541 2121; x_wconf 90' lang='lat' dir='ltr'>et</span> <span class='ocrx_word' id='word_1_184' title='bbox 1571 2068 1795 2120; x_wconf 79' lang='lat' dir='ltr'>Rhenani</span> <span class='ocrx_word' id='word_1_185' title='bbox 1834 2086 1922 2136; x_wconf 82' lang='lat' dir='ltr'>pro</span> <span class='ocrx_word' id='word_1_186' title='bbox 1955 2091 2120 2142; x_wconf 68' lang='grc' dir='ltr'><em>στεαρ</em></span> <span class='ocrx_word' id='word_1_187' title='bbox 2141 2064 2322 2118; x_wconf 83' lang='lat' dir='ltr'>habent</span> 
     </span>
     <span class='ocr_line' id='line_1_24' title="bbox 378 2139 2321 2225; baseline -0.006 -21"><span class='ocrx_word' id='word_1_188' title='bbox 378 2168 532 2225; x_wconf 67' lang='grc' dir='ltr'><em>’γενος</em></span> <span class='ocrx_word' id='word_1_189' title='bbox 553 2150 580 2203; x_wconf 84' lang='lat'>1&#39;.</span> <span class='ocrx_word' id='word_1_190' title='bbox 601 2165 641 2199; x_wconf 93' lang='lat' dir='ltr'>e.</span> <span class='ocrx_word' id='word_1_191' title='bbox 665 2164 835 2214; x_wconf 87' lang='lat' dir='ltr'>genus.</span> <span class='ocrx_word' id='word_1_192' title='bbox 922 2139 1169 2199; x_wconf 61' lang='lat' dir='ltr'>filbertus</span> <span class='ocrx_word' id='word_1_193' title='bbox 1191 2144 1274 2198; x_wconf 87' lang='lat' dir='ltr'>fic:</span> <span class='ocrx_word' id='word_1_194' title='bbox 1320 2143 1534 2211; x_wconf 82' lang='lat' dir='ltr'>Zyrbum</span> <span class='ocrx_word' id='word_1_195' title='bbox 1571 2157 1735 2195; x_wconf 84' lang='lat' dir='ltr'>autem</span> <span class='ocrx_word' id='word_1_196' title='bbox 1768 2143 1974 2211; x_wconf 82' lang='lat' dir='ltr'>piscium</span> <span class='ocrx_word' id='word_1_197' title='bbox 2006 2141 2321 2212; x_wconf 86' lang='lat' dir='ltr'>quorundam</span> 
     </span>
     <span class='ocr_line' id='line_1_25' title="bbox 379 2217 2319 2291; baseline -0.003 -19"><span class='ocrx_word' id='word_1_198' title='bbox 379 2223 561 2274; x_wconf 83' lang='lat' dir='ltr'>nonest</span> <span class='ocrx_word' id='word_1_199' title='bbox 576 2221 847 2291; x_wconf 77' lang='lat' dir='ltr'>separatum</span> <span class='ocrx_word' id='word_1_200' title='bbox 865 2220 947 2273; x_wconf 87' lang='lat' dir='ltr'>sed</span> <span class='ocrx_word' id='word_1_201' title='bbox 970 2224 1184 2272; x_wconf 79' lang='lat' dir='ltr'>mixtum</span> <span class='ocrx_word' id='word_1_202' title='bbox 1201 2239 1317 2272; x_wconf 80' lang='lat' dir='ltr'>cum</span> <span class='ocrx_word' id='word_1_203' title='bbox 1337 2217 1635 2290; x_wconf 79' lang='lat' dir='ltr'>pinguedine</span> <span class='ocrx_word' id='word_1_204' title='bbox 1656 2235 1803 2289; x_wconf 89' lang='lat' dir='ltr'>quam</span> <span class='ocrx_word' id='word_1_205' title='bbox 1825 2217 2038 2283; x_wconf 81' lang='lat' dir='ltr'>sagimen</span> <span class='ocrx_word' id='word_1_206' title='bbox 2053 2234 2319 2275; x_wconf 79' lang='lat' dir='ltr'>vocamus3</span> 
     </span>
     <span class='ocr_line' id='line_1_26' title="bbox 378 2289 2320 2362; baseline -0.004 -14"><span class='ocrx_word' id='word_1_207' title='bbox 378 2295 496 2349; x_wconf 84' lang='lat' dir='ltr'>ideo</span> <span class='ocrx_word' id='word_1_208' title='bbox 519 2315 636 2348; x_wconf 89' lang='lat' dir='ltr'>cum</span> <span class='ocrx_word' id='word_1_209' title='bbox 665 2289 849 2348; x_wconf 83' lang='lat' dir='ltr'>constat</span> <span class='ocrx_word' id='word_1_210' title='bbox 884 2315 986 2348; x_wconf 89' lang='lat' dir='ltr'>non</span> <span class='ocrx_word' id='word_1_211' title='bbox 1021 2294 1306 2362; x_wconf 81' lang='lat' dir='ltr'>congelatur</span> <span class='ocrx_word' id='word_1_212' title='bbox 1343 2294 1420 2346; x_wconf 88' lang='lat' dir='ltr'>sed</span> <span class='ocrx_word' id='word_1_213' title='bbox 1453 2292 1604 2345; x_wconf 90' lang='lat' dir='ltr'>molle</span> <span class='ocrx_word' id='word_1_214' title='bbox 1638 2304 1871 2343; x_wconf 88' lang='lat' dir='ltr'>remanet.</span> <span class='ocrx_word' id='word_1_215' title='bbox 1947 2294 2130 2342; x_wconf 88' lang='lat' dir='ltr'>Iterum</span> <span class='ocrx_word' id='word_1_216' title='bbox 2152 2289 2212 2341; x_wconf 87' lang='lat' dir='ltr'>de</span> <span class='ocrx_word' id='word_1_217' title='bbox 2235 2308 2320 2341; x_wconf 89' lang='lat' dir='ltr'>an-</span> 
     </span>
     <span class='ocr_line' id='line_1_27' title="bbox 378 2362 2320 2439; baseline -0.003 -18"><span class='ocrx_word' id='word_1_218' title='bbox 378 2369 541 2436; x_wconf 87' lang='lat' dir='ltr'>guillis</span> <span class='ocrx_word' id='word_1_219' title='bbox 572 2369 758 2423; x_wconf 88' lang='lat' dir='ltr'>ibidem</span> <span class='ocrx_word' id='word_1_220' title='bbox 791 2373 940 2422; x_wconf 84' lang='lat' dir='ltr'>utitur</span> <span class='ocrx_word' id='word_1_221' title='bbox 967 2368 1212 2422; x_wconf 84' lang='lat' dir='ltr'>vocabulo</span> <span class='ocrx_word' id='word_1_222' title='bbox 1247 2370 1372 2421; x_wconf 89' lang='lat' dir='ltr'>sevi:</span> <span class='ocrx_word' id='word_1_223' title='bbox 1432 2382 1784 2439; x_wconf 79' lang='lat' dir='ltr'>quaecunque,</span> <span class='ocrx_word' id='word_1_224' title='bbox 1849 2367 2032 2434; x_wconf 82' lang='lat' dir='ltr'>inquit,</span> <span class='ocrx_word' id='word_1_225' title='bbox 2094 2362 2320 2416; x_wconf 85' lang='lat' dir='ltr'>animalia</span> 
     </span>
     <span class='ocr_line' id='line_1_28' title="bbox 379 2437 2318 2515; baseline -0.003 -20"><span class='ocrx_word' id='word_1_226' title='bbox 379 2445 733 2515; x_wconf 81' lang='lat' dir='ltr'>pinguedinem</span> <span class='ocrx_word' id='word_1_227' title='bbox 752 2445 1017 2514; x_wconf 80' lang='lat' dir='ltr'>separatam</span> <span class='ocrx_word' id='word_1_228' title='bbox 1034 2463 1134 2496; x_wconf 87' lang='lat' dir='ltr'>non</span> <span class='ocrx_word' id='word_1_229' title='bbox 1155 2442 1335 2496; x_wconf 87' lang='lat' dir='ltr'>habent</span> <span class='ocrx_word' id='word_1_230' title='bbox 1357 2442 1439 2495; x_wconf 87' lang='lat' dir='ltr'>sed</span> <span class='ocrx_word' id='word_1_231' title='bbox 1461 2438 1714 2495; x_wconf 88' lang='lat' dir='ltr'>confusam</span> <span class='ocrx_word' id='word_1_232' title='bbox 1733 2458 1850 2491; x_wconf 90' lang='lat' dir='ltr'>cum</span> <span class='ocrx_word' id='word_1_233' title='bbox 1875 2437 2119 2500; x_wconf 78' lang='lat' dir='ltr'>carnibus,</span> <span class='ocrx_word' id='word_1_234' title='bbox 2144 2456 2199 2490; x_wconf 88' lang='lat' dir='ltr'>ea</span> <span class='ocrx_word' id='word_1_235' title='bbox 2223 2442 2318 2490; x_wconf 86' lang='lat' dir='ltr'>mi-</span> 
     </span>
     <span class='ocr_line' id='line_1_29' title="bbox 378 2512 2315 2590; baseline -0.004 -20"><span class='ocrx_word' id='word_1_236' title='bbox 378 2520 471 2572; x_wconf 79' lang='lat' dir='ltr'>nus</span> <span class='ocrx_word' id='word_1_237' title='bbox 495 2538 580 2590; x_wconf 86' lang='lat' dir='ltr'>per</span> <span class='ocrx_word' id='word_1_238' title='bbox 600 2534 821 2572; x_wconf 85' lang='lat' dir='ltr'>ventrem</span> <span class='ocrx_word' id='word_1_239' title='bbox 842 2532 890 2571; x_wconf 89' lang='lat' dir='ltr'>et</span> <span class='ocrx_word' id='word_1_240' title='bbox 910 2532 1172 2571; x_wconf 85' lang='lat' dir='ltr'>omentum</span> <span class='ocrx_word' id='word_1_241' title='bbox 1198 2517 1546 2587; x_wconf 83' lang='lat' dir='ltr'>pinguescunt,</span> <span class='ocrx_word' id='word_1_242' title='bbox 1582 2529 1635 2567; x_wconf 86' lang='lat' dir='ltr'>ut</span> <span class='ocrx_word' id='word_1_243' title='bbox 1655 2512 1914 2582; x_wconf 79' lang='lat' dir='ltr'>anguillae,</span> <span class='ocrx_word' id='word_1_244' title='bbox 1954 2531 2079 2585; x_wconf 88' lang='lat' dir='ltr'>quae</span> <span class='ocrx_word' id='word_1_245' title='bbox 2099 2531 2315 2583; x_wconf 88' lang='lat' dir='ltr'>paucum</span> 
     </span>
     <span class='ocr_line' id='line_1_30' title="bbox 378 2589 2318 2660; baseline -0.003 -14"><span class='ocrx_word' id='word_1_246' title='bbox 378 2593 521 2660; x_wconf 87' lang='lat' dir='ltr'>(alibi</span> <span class='ocrx_word' id='word_1_247' title='bbox 550 2595 687 2660; x_wconf 81' lang='lat' dir='ltr'>raro)</span> <span class='ocrx_word' id='word_1_248' title='bbox 717 2595 884 2646; x_wconf 84' lang='lat' dir='ltr'>sevum</span> <span class='ocrx_word' id='word_1_249' title='bbox 917 2597 967 2645; x_wconf 89' lang='lat' dir='ltr'>in</span> <span class='ocrx_word' id='word_1_250' title='bbox 997 2607 1205 2646; x_wconf 89' lang='lat' dir='ltr'>omento</span> <span class='ocrx_word' id='word_1_251' title='bbox 1234 2591 1430 2645; x_wconf 87' lang='lat' dir='ltr'>habent.</span> <span class='ocrx_word' id='word_1_252' title='bbox 1519 2590 1613 2643; x_wconf 86' lang='lat' dir='ltr'>Sed</span> <span class='ocrx_word' id='word_1_253' title='bbox 1644 2589 1706 2641; x_wconf 93' lang='lat' dir='ltr'>de</span> <span class='ocrx_word' id='word_1_254' title='bbox 1742 2606 1933 2654; x_wconf 88' lang='lat' dir='ltr'>congro</span> <span class='ocrx_word' id='word_1_255' title='bbox 1969 2592 2046 2640; x_wconf 91' lang='lat' dir='ltr'>VI.</span> <span class='ocrx_word' id='word_1_256' title='bbox 2088 2607 2166 2652; x_wconf 87' lang='lat'>¹7·</span> <span class='ocrx_word' id='word_1_257' title='bbox 2199 2605 2318 2657; x_wconf 82' lang='lat' dir='ltr'>pro-</span> 
     </span>
     <span class='ocr_line' id='line_1_31' title="bbox 375 2659 1862 2741; baseline -0.004 -19"><span class='ocrx_word' id='word_1_258' title='bbox 375 2669 560 2723; x_wconf 84' lang='lat' dir='ltr'>miscue</span> <span class='ocrx_word' id='word_1_259' title='bbox 576 2672 718 2738; x_wconf 89' lang='lat' dir='ltr'>ponit</span> <span class='ocrx_word' id='word_1_260' title='bbox 742 2667 912 2721; x_wconf 88' lang='lat' dir='ltr'>sebum</span> <span class='ocrx_word' id='word_1_261' title='bbox 932 2681 980 2720; x_wconf 89' lang='lat' dir='ltr'>et</span> <span class='ocrx_word' id='word_1_262' title='bbox 1004 2670 1284 2735; x_wconf 82' lang='lat' dir='ltr'>axungiam.</span> <span class='ocrx_word' id='word_1_263' title='bbox 1325 2668 1516 2741; x_wconf 61' lang='grc' dir='ltr'>(στέαρ</span> <span class='ocrx_word' id='word_1_264' title='bbox 1543 2680 1591 2717; x_wconf 89' lang='lat' dir='ltr'>et</span> <span class='ocrx_word' id='word_1_265' title='bbox 1616 2659 1862 2737; x_wconf 72' lang='grc' dir='ltr'>πιμελῆ.)</span> 
     </span>
    </p>
   </div>
   <div class='ocr_carea' id='block_1_6' title="bbox 374 2752 2316 2984">
    <p class='ocr_par' dir='ltr' id='par_1_8' title="bbox 374 2752 2316 2984">
     <span class='ocr_line' id='line_1_32' title="bbox 522 2752 2316 2833; baseline -0.006 -16"><span class='ocrx_word' id='word_1_266' title='bbox 522 2768 602 2817; x_wconf 92' lang='lat' dir='ltr'>De</span> <span class='ocrx_word' id='word_1_267' title='bbox 626 2761 942 2831; x_wconf 86' lang='lat' dir='ltr'>cartilagineis</span> <span class='ocrx_word' id='word_1_268' title='bbox 963 2761 1148 2815; x_wconf 89' lang='lat' dir='ltr'>ibidem</span> <span class='ocrx_word' id='word_1_269' title='bbox 1162 2760 1364 2815; x_wconf 86' lang='lat' dir='ltr'>habetur</span> <span class='ocrx_word' id='word_1_270' title='bbox 1390 2761 1538 2833; x_wconf 86' lang='lat' dir='ltr'>hepar</span> <span class='ocrx_word' id='word_1_271' title='bbox 1561 2779 1737 2814; x_wconf 87' lang='lat' dir='ltr'>eorum</span> <span class='ocrx_word' id='word_1_272' title='bbox 1761 2756 2061 2828; x_wconf 88' lang='lat' dir='ltr'>pinguedine</span> <span class='ocrx_word' id='word_1_273' title='bbox 2080 2752 2316 2808; x_wconf 87' lang='lat' dir='ltr'>refertum</span> 
     </span>
     <span class='ocr_line' id='line_1_33' title="bbox 376 2830 2315 2910; baseline -0.005 -18"><span class='ocrx_word' id='word_1_274' title='bbox 376 2838 470 2892; x_wconf 84' lang='lat' dir='ltr'>effe</span> <span class='ocrx_word' id='word_1_275' title='bbox 491 2839 572 2891; x_wconf 91' lang='lat' dir='ltr'>seu</span> <span class='ocrx_word' id='word_1_276' title='bbox 594 2839 762 2908; x_wconf 87' lang='lat' dir='ltr'>adipe,</span> <span class='ocrx_word' id='word_1_277' title='bbox 803 2856 965 2909; x_wconf 86' lang='lat' dir='ltr'>eoque</span> <span class='ocrx_word' id='word_1_278' title='bbox 988 2836 1256 2908; x_wconf 89' lang='lat' dir='ltr'>colliquato</span> <span class='ocrx_word' id='word_1_279' title='bbox 1284 2835 1455 2910; x_wconf 76' lang='lat' dir='ltr'>oleum</span> <span class='ocrx_word' id='word_1_280' title='bbox 1487 2837 1730 2906; x_wconf 82' lang='lat' dir='ltr'>excoqui3</span> <span class='ocrx_word' id='word_1_281' title='bbox 1766 2832 1893 2901; x_wconf 87' lang='lat' dir='ltr'>ipsos</span> <span class='ocrx_word' id='word_1_282' title='bbox 1925 2844 2143 2883; x_wconf 89' lang='lat' dir='ltr'>ceterum</span> <span class='ocrx_word' id='word_1_283' title='bbox 2164 2830 2315 2899; x_wconf 83' lang='lat' dir='ltr'>pisces</span> 
     </span>
     <span class='ocr_line' id='line_1_34' title="bbox 374 2904 2314 2984; baseline -0.004 -18"><span class='ocrx_word' id='word_1_284' title='bbox 374 2913 559 2966; x_wconf 84' lang='lat' dir='ltr'>nullam</span> <span class='ocrx_word' id='word_1_285' title='bbox 584 2912 724 2984; x_wconf 88' lang='lat' dir='ltr'>plane</span> <span class='ocrx_word' id='word_1_286' title='bbox 746 2912 1097 2983; x_wconf 87' lang='lat' dir='ltr'>pinguedinem</span> <span class='ocrx_word' id='word_1_287' title='bbox 1124 2929 1215 2964; x_wconf 88' lang='lat' dir='ltr'>nec</span> <span class='ocrx_word' id='word_1_288' title='bbox 1246 2930 1363 2964; x_wconf 89' lang='lat' dir='ltr'>cum</span> <span class='ocrx_word' id='word_1_289' title='bbox 1394 2910 1621 2981; x_wconf 85' lang='lat' dir='ltr'>carnibus</span> <span class='ocrx_word' id='word_1_290' title='bbox 1652 2904 1902 2960; x_wconf 69' lang='lat' dir='ltr'>confusam</span> <span class='ocrx_word' id='word_1_291' title='bbox 1933 2924 2026 2957; x_wconf 90' lang='lat' dir='ltr'>nec</span> <span class='ocrx_word' id='word_1_292' title='bbox 2048 2906 2314 2975; x_wconf 81' lang='lat' dir='ltr'>separatam</span> 
     </span>
    </p>
   </div>
   <div class='ocr_carea' id='block_1_7' title="bbox 374 2987 2313 3132">
    <p class='ocr_par' dir='ltr' id='par_1_9' title="bbox 374 2987 2313 3132">
     <span class='ocr_line' id='line_1_35' title="bbox 374 2987 2313 3132; baseline -0.007 -17"><span class='ocrx_word' id='word_1_293' title='bbox 374 2987 603 3115; x_wconf 55' lang='lat' dir='ltr'>haberge</span> <span class='ocrx_word' id='word_1_294' title='bbox 636 3059 847 3114; x_wconf 85' lang='lat' dir='ltr'>medulla</span> <span class='ocrx_word' id='word_1_295' title='bbox 876 3059 1039 3132; x_wconf 89' lang='lat' dir='ltr'>spinali</span> <span class='ocrx_word' id='word_1_296' title='bbox 1061 3060 1194 3113; x_wconf 89' lang='lat' dir='ltr'>idem</span> <span class='ocrx_word' id='word_1_297' title='bbox 1225 3060 1287 3112; x_wconf 92' lang='lat' dir='ltr'>de</span> <span class='ocrx_word' id='word_1_298' title='bbox 1311 3064 1430 3112; x_wconf 87' lang='lat' dir='ltr'>Part.</span> <span class='ocrx_word' id='word_1_299' title='bbox 1452 3063 1505 3110; x_wconf 85' lang='lat'>11.</span> <span class='ocrx_word' id='word_1_300' title='bbox 1528 3063 1574 3109; x_wconf 85' lang='lat'>6.</span> <span class='ocrx_word' id='word_1_301' title='bbox 1597 3074 1721 3127; x_wconf 88' lang='lat' dir='ltr'>quae</span> <span class='ocrx_word' id='word_1_302' title='bbox 1743 3055 1840 3108; x_wconf 85' lang='lat' dir='ltr'>offa</span> <span class='ocrx_word' id='word_1_303' title='bbox 1860 3073 1962 3108; x_wconf 90' lang='lat' dir='ltr'>non</span> <span class='ocrx_word' id='word_1_304' title='bbox 1982 3030 2189 3113; x_wconf 79' lang='lat' dir='ltr'>habent,</span> <span class='ocrx_word' id='word_1_305' title='bbox 2228 3050 2313 3103; x_wconf 91' lang='lat' dir='ltr'>sed</span> 
     </span>
    </p>
   </div>
   <div class='ocr_carea' id='block_1_8' title="bbox 370 3124 2314 3253">
    <p class='ocr_par' dir='ltr' id='par_1_10' title="bbox 370 3124 2314 3253">
     <span class='ocr_line' id='line_1_36' title="bbox 370 3124 2314 3252; baseline -0.006 -63"><span class='ocrx_word' id='word_1_306' title='bbox 370 3136 582 3208; x_wconf 77' lang='lat' dir='ltr'>spinam,</span> <span class='ocrx_word' id='word_1_307' title='bbox 620 3139 678 3190; x_wconf 88' lang='lat' dir='ltr'>iis</span> <span class='ocrx_word' id='word_1_308' title='bbox 713 3135 841 3193; x_wconf 77' lang='lat' dir='ltr'>dorsi</span> <span class='ocrx_word' id='word_1_309' title='bbox 871 3150 1059 3191; x_wconf 78' lang='lat' dir='ltr'>tantum</span> <span class='ocrx_word' id='word_1_310' title='bbox 1088 3134 1300 3190; x_wconf 76' lang='lat' dir='ltr'>medulla</span> <span class='ocrx_word' id='word_1_311' title='bbox 1330 3135 1411 3190; x_wconf 83' lang='lat' dir='ltr'>est.</span> <span class='ocrx_word' id='word_1_312' title='bbox 1487 3136 1664 3188; x_wconf 81' lang='lat' dir='ltr'>Parum</span> <span class='ocrx_word' id='word_1_313' title='bbox 1695 3135 1831 3186; x_wconf 85' lang='lat' dir='ltr'>enim</span> <span class='ocrx_word' id='word_1_314' title='bbox 1860 3131 2103 3197; x_wconf 86' lang='lat' dir='ltr'>sanguinis</span> <span class='ocrx_word' id='word_1_315' title='bbox 2131 3124 2314 3252; x_wconf 59' lang='lat' dir='ltr'>hab}nt</span> 
     </span>
     <span class='ocr_line' id='line_1_37' title="bbox 2254 3216 2313 3253; baseline -0.034 0"><span class='ocrx_word' id='word_1_316' title='bbox 2254 3216 2313 3253; x_wconf 90' lang='lat' dir='ltr'>ua</span> 
     </span>
    </p>
   </div>
  </div>
 </body>
</html>
