2571 3775
226 1196 268 1238 P.
293 1211 386 1240 τοο.

243 1254 327 1304 No.
349 1268 386 1312 3.

444 338 549 389 140
1247 336 1537 356 —·-······

440 447 667 521 appelles.
742 450 822 504 Est
840 451 974 503 enim
1010 452 1165 520 capite
1190 461 1238 502 et
1256 462 1392 520 parte
1422 452 1585 519 priore
1607 448 1750 513 bat0‚
1783 450 2053 521 posteriore
2072 449 2318 522 squatinae

438 523 634 587 similis,
669 518 801 595 quasi
823 543 884 578 ex
905 538 1118 596 utroque
1138 537 1293 576 natus.
1369 527 1496 577 Parit
1518 529 1558 578 is
1579 539 1631 576 ut
1653 525 1892 595 torpedO,
1930 523 2069 577 batus
2101 538 2148 576 et
2175 527 2318 594 pasti-

439 617 557 652 naca
590 616 711 662 ova,
743 618 868 671 quae
889 602 941 650 in
969 612 1110 651 utero
1142 596 1483 656 excluduntur.
1558 598 1652 651 Sed
1684 603 1733 651 in
1766 601 2010 669 postrema
2042 598 2187 664 hujus
2217 598 2320 660 loci

438 687 570 744 parte
591 692 693 727 non
712 671 1027 725 rhinobatum
1051 672 1134 725 sed
1157 670 1431 734 leiobaton,
1469 675 1498 725 i.
1516 690 1556 725 e.
1594 671 1784 727 laevem
1804 673 2001 735 batum,
2041 671 2316 745 laevir-ajam

439 745 623 810 Gaza,
681 750 949 813 nominant·
986 745 1201 798 Codices
1245 754 1423 798 omnes
1471 746 1629 816 scripti
1698 761 1745 799 et
1796 746 2040 801 versiones
2075 749 2318 800 -vetustaei

439 819 675 874 filbertus
719 819 887 872 batum
930 823 1092 889 inepte
1134 817 1537 872 Lombardorum
1578 820 1816 890 passerem
1853 834 1903 874 et
1941 820 2092 890 vulgo
2126 819 2315 873 didium

437 894 628 961 Pleydis
657 898 1025 964 interpretatum
1062 891 1253 945 rhinam
1288 891 1478 963 ubique
1502 894 1662 947 reddit
1681 892 1843 955 rabiz,
1890 912 2071 965 quem,
2113 895 2315 957 addenS,

436 972 484 1021 in
510 972 630 1021 mari
651 967 844 1036 anglico
869 981 916 1020 et
939 970 1223 1035 germanico
1244 985 1438 1032 raycam
1460 985 1712 1021 vocamus.
1788 962 1997 1021 Plinius
2019 967 2187 1022 locum
2206 969 2316 1039 phi-

434 1040 626 1112 losophi
658 1041 898 1096 transtulit
915 1046 996 1093 IX.
1035 1059 1137 1110 cap.
1172 1058 1251 1104 51.
1298 1040 1381 1093 sed
1407 1045 1550 1096 nimis
1580 1056 1766 1095 temere
1797 1042 2032 1105 affirmat,
2085 1044 2223 1115 quod
2252 1062 2315 1096 ex

435 1115 590 1170 aliena
614 1120 887 1170 narratione
911 1113 1056 1168 refert
1074 1114 1169 1168 ille.
2306 1170 2310 1173 ,

583 1186 820 1272 Τρῃγώμ,
860 1193 1100 1258 Trygon‚
1137 1193 1167 1241 i.
1190 1207 1231 1241 e.
1258 1192 1463 1242 Turtur.
1511 1185 1721 1243 Plinius
1750 1192 2046 1244 Pastinacam
2076 1193 2314 1261 interpre-

436 1279 564 1318 tatus
583 1269 663 1319 est.
740 1260 1026 1332 Aristoteles
1046 1264 1183 1315 HA.
1200 1268 1230 1314 Ι.
1250 1281 1291 1326 5.
1327 1263 1757 1331 cartilagineorum
1770 1266 1979 1334 piscium
2005 1265 2314 1342 (σελαχῶμ)

437 1338 567 1411 plani
590 1353 638 1392 et
660 1339 797 1392 radio
820 1336 1038 1391 instruet-i
1066 1331 1423 1412 (κερχοφόρα)
1457 1338 1657 1408 quidam
1685 1342 1847 1408 pinnis
1867 1353 2059 1400 carent,
2097 1354 2149 1392 ut
2177 1340 2312 1394 batus

437 1427 487 1466 et
508 1415 773 1483 pastinaca,
821 1414 980 1482 etipsa
1003 1410 1251 1464 latitudine
1272 1416 1494 1481 corporis
1515 1426 1693 1464 natant.
1803 1419 1882 1466 De
1913 1413 2097 1466 Inceffu
2132 1433 2234 1483 cap.
2267 1434 2314 1479 9.

439 1486 568 1558 plani
586 1488 738 1557 pisces
759 1489 938 1556 partim
959 1485 1207 1539 latitudine
1233 1486 1329 1555 ipsa
1352 1490 1573 1555 corporis
1593 1505 1685 1555 pro
1707 1490 1864 1557 pinnis
1885 1501 2104 1551 utuntur,
2139 1492 2315 1558 partim

431 1559 629 1614 duabus
653 1559 881 1631 pinnulis.
957 1564 1061 1629 Qu
1083 1578 1204 1614 vero
1224 1558 1366 1630 plane
1393 1559 1474 1612 lati
1493 1560 1626 1622 sunt,
1659 1576 1712 1613 ut
1737 1560 1903 1624 batus,
1950 1576 2058 1615 tum
2090 1562 2197 1632 ipfis
2231 1579 2315 1614 na-

439 1648 543 1688 tant
570 1634 780 1706 pinnulis
815 1648 921 1687 tum
959 1648 1185 1688 extremo
1219 1637 1445 1703 corporis
1478 1633 1667 1686 ambitu
1705 1638 1836 1688 varie
1873 1634 2062 1689 direc‘io
2094 1651 2143 1689 et
2177 1640 2313 1690 flexo

441 1714 740 1763 natationem
775 1709 1015 1775 adjuvant.
1092 1715 1149 1762 V.
1185 1729 1228 1769 5.
1281 1709 1435 1761 Pisces
1471 1727 1671 1771 omnes,
1726 1713 1944 1779 exceptis
1994 1709 2316 1779 cartilagineis

440 1783 621 1856 planiS,
661 1797 842 1837 coeunt
864 1784 1040 1852 supinis
1063 1780 1277 1852 partibus
1302 1786 1516 1834 invicem
1549 1782 1867 1852 compositis,
1958 1783 2090 1837 Plani
2126 1784 2315 1848 cartilaf

439 1861 573 1926 ginei
594 1861 747 1929 etqui
770 1858 912 1910 radio
934 1854 1145 1910 instructi
1165 1857 1298 1919 sunt,
1332 1870 1387 1908 ut
1406 1855 1544 1909 batus
1575 1871 1625 1908 et
1657 1859 1893 1927 pastinaca
1925 1871 1973 1910 et
2001 1857 2177 1912 fimiles
2210 1878 2316 1913 non

439 1930 600 1986 tolum
617 1932 800 2001 supinis
821 1930 1037 2002 partibus
1059 1935 1272 1984 invicem
1295 1929 1577 2000 compositis
1607 1945 1815 1995 coeunt,
1861 1932 2120 1999 secl->retiam
2156 1951 2316 1988 mares

438 2006 620 2076 supinis
640 2005 856 2074 partibus
872 2005 1137 2058 ascendunt
1154 2002 1393 2058 foeminas
1410 2023 1606 2074 pronaS,
1647 2024 1975 2078 quoscunque
1996 2006 2176 2061 scilicet
2195 2026 2314 2061 cau-

441 2080 500 2132 da
519 2081 714 2133 crassior
735 2099 837 2133 non
857 2079 1079 2148 impedit.
1167 2082 1352 2134 Contra
1372 2080 1586 2149 squatina
1608 2093 1657 2131 et
1674 2079 1850 2133 fimiles
1874 2085 1957 2153 qui
1980 2082 2186 2134 caudam
2211 2101 2316 2136 ma-

440 2172 589 2222 gnam
612 2152 790 2206 habent
818 2154 1006 2224 supinas
1025 2164 1184 2222 partes
1207 2166 1393 2205 tantum
1413 2156 1628 2206 invicem
1650 2168 1875 2206 atterunt.
1965 2158 2086 2208 Sunt
2104 2159 2198 2228 qui
2212 2175 2315 2210 car-

440 2226 697 2296 tilagineos
730 2228 879 2298 pisces
929 2228 1174 2298 quosdam
1204 2231 1349 2279 etiam
1376 2225 1593 2296 partibus
1626 2227 1976 2297 posterioribus
2007 2233 2056 2281 in
2090 2234 2229 2282 coitu
2259 2246 2315 2286 ut

443 2320 588 2355 canes
610 2301 927 2354 cohaerentes
951 2301 1116 2353 vidiffe
1137 2302 1350 2352 afferant.
1426 2303 1619 2355 Omnes
1644 2301 1937 2369 cartilaginei
1960 2305 2113 2373 pisces
2133 2302 2314 2358 foemi-

440 2394 532 2428 nae
555 2374 772 2427 maribus
792 2375 1158 2440 suntmajoreS,
1197 2387 1249 2426 ut
1271 2371 1372 2427 fere
1393 2377 1445 2426 in
1480 2378 1619 2427 omni
1656 2374 1845 2447 reliquo
1880 2377 2083 2445 piscium
2116 2396 2312 2446 genera

442 2447 884 2517 Cartilagineorum
927 2451 1130 2500 nomine
1171 2451 1511 2509 continentur,
1579 2467 1707 2520 quos
1739 2454 2015 2514 nominavi,
2062 2467 2311 2522 praeterea

440 2521 629 2594 aquila,
678 2521 846 2585 lamia,
885 2521 1003 2584 bos,
1052 2522 1288 2592 torpedo,
1344 2540 1457 2575 rana
1492 2536 1541 2574 et
1583 2541 1735 2576 omne
1785 2524 2108 2579 mustelorum
2141 2545 2312 2595 genus..

439 2595 585 2651 Multi
608 2598 748 2649 testes
776 2596 910 2649 hunc
939 2595 1367 2664 cartilagineorum
1393 2600 1583 2650 coitum
1614 2597 1863 2660 viderunt3
1917 2604 2147 2652 omnium
2178 2606 2312 2656 enim

439 2674 767 2740 viviparorum
789 2674 947 2724 coitus
968 2670 1242 2723 diuturnior
1263 2670 1355 2722 effe
1374 2669 1494 2723 solet
1513 2689 1660 2742 quam
1680 2675 2012 2742 oviparorum.
2090 2675 2312 2742 Quidam

439 2762 502 2797 ex
535 2743 854 2812 cartilagineis
884 2761 1041 2797 mares
1067 2763 1093 2797 a
1125 2741 1356 2797 foeminis
1388 2743 1618 2797 differunt
1648 2746 1998 2816 appendicibus
2028 2747 2216 2801 duabus
2249 2749 2312 2802 ad

438 2835 586 2870 anum
625 2817 1072 2889 propendentibus,
1140 2817 1317 2889 quibus
1351 2816 1603 2871 ¹foeminae
1642 2834 1830 2883 carent,
1879 2835 1932 2872 ut
1971 2822 2311 2888 mustelorum,

439 2891 618 2963 quibus
639 2890 1070 2946 omnibusadsunt.
1148 2891 1248 2944 Ubi
1270 2886 1506 2945 Alhertus
1539 2912 1628 2962 pro
1669 2893 1782 2947 bato
1815 2907 1863 2948 et
1891 2897 2128 2964 pastinaca
2159 2896 2309 2951 habet

436 2980 593 3018 mcor
612 2973 660 3019 et
681 2983 920 3037 m‘gerom.
953 2985 1042 3037 pro
1064 2964 1202 3018 rhina
1224 2964 1388 3038 γύψον.
1499 2967 1695 3019 Deinde
1722 2986 1813 3037 pro
1842 2968 2002 3022 verbis
2031 2966 2186 3036 Sirra
2207 2967 2309 3036 δύο,

438 3056 563 3108 quae
606 3039 752 3093 dubie
806 3055 964 3109 partes
988 3041 1106 3094 duas
1161 3043 1384 3110 (proprie
1419 3039 1523 3091 duo
1562 3039 1747 3111 aliqua)
1786 3040 2082 3109 fignificant,
2130 3045 2310 3099 Codex

435 3112 691 3180 Mediceus
723 3128 771 3171 et
794 3119 845 3171 B.
876 3113 1100 3175 Rhenani
1133 3113 1317 3172 habent
1340 3109 1415 3176 τοὶ
1451 3109 1610 3193 μόρια
1646 3109 1720 3177 τοὶ
1757 3111 1868 3183 δύο,
1931 3122 1961 3175 i.
1990 3136 2032 3172 e.
2082 3117 2308 3249 memffia

2277 3209 2305 3249 a
