2571 3775
354 416 462 467 294

349 533 402 583 ivn
421 523 622 581 lacubus
644 523 704 579 ab
720 525 915 579 Oronte
934 525 1094 592 Syriae
1115 526 1271 580 fluvio
1297 524 1483 580 effectis
1503 525 1768 594 degentem
1789 524 1980 580 Arabes
2002 524 2291 600 Alollarajo

351 605 654 671 interpretari
694 615 868 653 monet
903 599 982 654 Cl.
1013 597 1238 654 Koessslrr
1277 601 1338 652 ad
1368 598 1643 673 Abmljea‘ae
1683 601 1862 654 Tabul.
1896 606 2057 670 Syriae
2091 622 2135 674 p.
2176 611 2292 666 163.

348 677 565 730 Videant
585 673 834 730 doc'iiores
864 693 987 727 num
1014 675 1133 748 quid
1151 678 1201 728 in
1219 693 1280 729 ea
1304 679 1529 730 varietate
1548 676 1767 749 praesidii
1792 676 1845 731 fit
1866 677 1927 729 ad
1951 675 2292 749 explicandam

347 751 491 823 piscis
511 764 748 803 naturam.
1026 750 1033 755 ’

496 830 565 878 Ra
574 825 813 877 riffimum
835 820 1123 892 exemplum
1144 823 1346 876 monstri
1365 840 1427 876 ex
1444 822 1652 878 confufis
1676 822 1873 878 duobus
1890 829 2003 880 ovis
2021 829 2120 879 nati
2141 843 2292 894 gene-

349 904 411 954 ris
439 901 738 952 innominati
754 897 964 971 piscium
985 896 1185 951 tandem
1205 900 1358 968 reperi
1377 912 1668 953 annotatum
1693 903 1742 953 in
1759 900 1972 954 HistorIa
1986 901 2294 955 Academiae

349 974 488 1028 Paris
518 991 671 1036 1754.
703 990 751 1041 p.
778 990 856 1035 30.

496 1052 550 1100 In
571 1045 789 1099 salmone
806 1063 988 1116 penem
998 1043 1191 1116 pollicis
1214 1042 1315 1099 fere
1336 1045 1647 1115 longitudine
1668 1050 2037 1117 prominentem
2057 1062 2106 1104 et
2124 1047 2290 1116 glandi

350 1121 726 1195 quadrupedum
746 1118 953 1175 fimilem
982 1139 1100 1172 cum
1123 1119 1350 1174 duc‘iibus
1376 1120 1598 1191 pluribus
1617 1139 1735 1174 cum
1757 1119 1957 1175 laciibus
1977 1121 2128 1191 vulgo
2143 1120 2289 1175 dictis

349 1198 587 1251 connexis
631 1193 851 1264 reperisse
884 1212 914 1247 e
949 1194 1192 1266 discipulis
1231 1195 1325 1249 fuis
1363 1194 1580 1267 aliquem
1611 1194 1756 1248 refert
1783 1193 1964 1249 Haller
1996 1199 2047 1249 in
2076 1198 2292 1250 Historia

348 1271 573 1324 eiusdem
597 1268 838 1322 Academ.
866 1285 961 1330 175
978 1287 1020 1332 3.
1049 1287 1097 1340 p.
1118 1266 1240 1332 136.
1317 1269 1507 1323 Similes
1537 1273 1589 1322 in
1615 1267 1915 1337 gobiorum‚
1958 1269 2292 1332 blenniorum‚

348 1345 558 1414 Ophidii
592 1357 640 1396 et
660 1342 882 1413 Cepolae
911 1359 1009 1396 ano
1038 1345 1278 1397 exstantes
1299 1342 1582 1397 carunculas
1608 1343 1790 1397 deinde
1815 1349 1964 1398 etiam
1994 1344 2069 1399 Cl.
2101 1343 2292 1400 Gouan

348 1439 467 1473 cum
497 1422 635 1490 penis
664 1431 830 1471 natura
857 1422 1133 1488 comparari
1163 1416 1299 1488 posse
1326 1418 1589 1488 suspicatus
1622 1420 1702 1472 est.
1782 1422 1837 1473 In
1870 1418 2048 1473 Gobiis
2078 1420 2292 1473 eandem

346 1492 665 1546 carunculam
684 1491 806 1544 vidit
825 1491 907 1544 sed
929 1489 1174 1545 foramine
1194 1491 1333 1547 nullo
1354 1493 1596 1563 pertufinn
1613 1494 1934 1551 amiciffimus
1960 1489 2113 1547 Bloch
2132 1497 2195 1545 H.
2215 1496 2293 1545 Pi-

345 1568 501 1621 scium
523 1571 589 1622 T.
614 1570 669 1619 11.
689 1585 733 1636 p.
763 1585 806 1629 ς.
881 1570 933 1618 In
954 1565 1255 1638 Cycloptero
1275 1568 1469 1620 dentice
1490 1565 1568 1621 Cl.
1587 1563 1772 1623 Pallas
1790 1567 2015 1638 Spicileg.
2029 1572 2126 1621 VII.
2143 1586 2192 1639 p.
2214 1585 2292 1635 13.

348 1655 398 1695 et
424 1641 740 1708 Callionymo
761 1638 972 1695 ocellato
992 1646 1109 1694 VIII.
1130 1660 1182 1712 «p.
1201 1658 1232 1692 ρ
1242 1662 1289 1708 9.
1320 1639 1531 1710 genitale
1553 1640 1776 1711 appellat.

499 1714 948 1784 Hermaphroditos
975 1715 1127 1788 pisces
1148 1719 1200 1769 in
1230 1733 1412 1786 genere
1436 1719 1655 1787 cyprini,
1687 1713 1804 1772 lucii
1823 1729 1871 1771 et
1891 1716 2026 1771 Gadi
2047 1718 2134 1771 viri
2155 1713 2290 1773 docti

346 1793 447 1862 jam
467 1790 553 1846 diu
580 1790 918 1858 annotarunt.)

466 1878 494 1904 Ο

583 1941 680 1993 DE
719 1939 992 1994 NERVJS
1041 1937 1367 1993 PIScmM
1399 1937 1688 2008 ATQUE
1727 1937 2037 1993 OCUL1S.

493 2047 638 2102 Posui
657 2047 827 2102 locum
851 2044 1144 2118 Aristotelis
1164 2065 1225 2100 ex
1239 2048 1427 2102 ‚Histon
1447 2046 1664 2100 Animal.
1678 2051 1750 2100 111.
1769 2067 1812 2109 5.
1839 2045 1923 2100 ubi
1949 2047 2154 2119 piscium
2178 2066 2290 2101 ner-

344 2140 435 2178 vos
456 2127 673 2176 maxime
703 2123 995 2193 conspicuos
1024 2120 1183 2175 adeffe
1214 2126 1279 2175 ait
1312 2125 1438 2175 circa
1458 2125 1647 2192 pinnas.
1736 2125 1942 2176 Dixerat
1961 2136 2127 2175 autem
2150 2137 2289 2175 antea

345 2214 527 2251 nervos
565 2200 615 2249 in
652 2195 885 2250 omnibus
916 2195 1202 2249 animalium
1233 2194 1494 2265 gen-eribus
1513 2233 1530 2259 ,
1593 2214 1810 2268 quorum
1842 2196 2290 2267 corpora-artubus

345 2272 568 2325 destituta
600 2269 912 2343 paucioribus
941 2286 1022 2326 aut
1050 2269 1194 2324 nullis
1222 2270 1436 2326 articulis
1466 2269 1735 2328 fleetuntur
1752 2308 1769 2334 2
1838 2271 1932 2326 effe
1961 2270 2113 2325 exiles
2141 2285 2290 2344 atque

345 2344 602 2400 obscuros
2068 2365 2070 2368 ’

488 2439 567 2491 Ne
588 2438 733 2503 igitur
754 2432 927 2488 lectori
948 2433 1248 2503 imprudenti
1267 2452 1489 2489 errorem
1507 2433 1705 2500 objiciat
1723 2433 1869 2489 locus
1891 2451 1917 2488 a
1933 2454 2019 2490 me
2045 2434 2287 2499 laudatiffi,

346 2524 492 2583 atque
514 2508 598 2579 ipfi
618 2508 915 2579 philosopho
934 2507 1364 2578 reprehensionem
1377 2509 1647 2571 contrahat,
1666 2509 1978 2563 monendum
1999 2511 2083 2573 est,
2105 2527 2288 2563 nervos

347 2583 408 2639 ab
431 2580 701 2652 Aristotele
722 2601 782 2635 ex
810 2583 964 2638 corde
992 2582 1224 2645 derivari,
1264 2597 1311 2637 et
1341 2598 1558 2637 extrema
1593 2585 1773 2638 offium
1801 2587 2018 2638 invicem
2040 2582 2287 2652 colligare.

346 2663 516 2727 Qare
544 2656 605 2713 ad
634 2656 1018 2724 ligamentorum
1048 2671 1272 2712 naturam
1310 2676 1498 2712 nomen
1528 2657 1647 2712 illud
1681 2654 1995 2713 referendum
2025 2660 2093 2728 est
2113 2695 2128 2720 ‚
2189 2676 2286 2711 nec

346 2748 532 2791 ‚temere
564 2749 680 2783 cum
710 2732 932 2785 sensuum
961 2732 1187 2788 ministris
1218 2749 1281 2784 ex
1311 2730 1518 2786 cerebro
1550 2730 1878 2803 pendentibus
1910 2735 2286 2786 communican-

345 2806 468 2860 dum
482 2843 498 2869 ,
533 2818 585 2857 ut
605 2802 750 2858 multi
771 2809 860 2859 viri
887 2803 1020 2860 docti
1042 2804 1299 2876 hucusque
1316 2803 1552 2863 fecerunt.
1629 2810 1800 2876 Qam
1818 2805 1887 2860 ob
1906 2824 2010 2859 rem
2029 2809 2285 2860 innuerito

344 2884 492 2937 etiam
504 2875 801 2949 Aristoteles
823 2878 1080 2950 vapulavit,
1118 2879 1256 2952 quod
1276 2883 1521 2948 originem
1538 2876 1696 2936 nervis
1713 2884 1764 2932 in
1786 2879 1937 2933 corde
1955 2880 2060 2949 ipso
2081 2881 2284 2948 affigna-

345 2958 482 3008 verit.
556 2956 663 3006 Nec
682 2953 847 3008 licebit
865 2958 935 3007 uti
955 2953 1266 3008 excusatione
1285 2971 1569 3025 quanquam
1588 2954 1840 3020 ingeniosa
1854 2992 1869 3017 ,
1908 2972 2058 3025 quam
2077 2959 2284 3022 excogi-

345 3032 460 3083 tavit
483 3030 710 3094 egregius
732 3024 1079 3098 Soemmering
1104 3027 1166 3081 de
1191 3025 1294 3083 Bafi
1320 3026 1575 3098 encephali
1605 3046 1651 3097 p.
1676 3039 1721 3086 8.
1753 3031 1840 3098 qui
1868 3046 1976 3081 eam
2000 3027 2283 3099 philosophi

345 3103 644 3170 opinionem
663 3101 798 3158 fuiss‘e
816 3100 1152 3172 suspicabatur,
1173 3115 1225 3154 ut
1245 3120 1335 3155 cor
1352 3102 1714 3154 administrante
1734 3100 1938 3157 cerebro
1961 3117 2008 3155 et
2030 3120 2285 3156 ramorum

346 3178 397 3230 in
416 3171 534 3227 illud
551 3182 921 3234 excurrentium
937 3193 1040 3246 ope
1066 3179 1314 3246 originem
1339 3177 1701 3250 etprincipium
1722 3179 1884 3231 nervis
1908 3175 2151 3248 praebeat.

2209 3269 2291 3320 De
