2571 3775
1057 356 1349 377 ““““““““““““
2043 361 2143 400 211

255 474 554 532 vocabulum
588 475 746 546 ipsum
776 469 890 526 alibi
922 469 1015 523 hac
1045 471 1253 522 notione
1280 471 1364 521 vix
1390 469 1554 522 exstat.
1645 474 1725 523 De
1754 471 1992 541 pediculis
2025 473 2149 530 alius

257 554 410 604 exstat
441 552 577 604 locus
599 554 661 600 H.
682 549 744 599 A.
774 552 831 600 V.
860 564 939 608 3¹·
973 562 1124 616 quem
1145 547 1196 596 in
1217 542 1490 596 echeneide
1522 557 1572 596 et
1595 542 1828 614 delphino
1850 547 2149 617 explicatum

256 626 388 678 dedi.
462 619 672 678 Plinius
690 624 771 672 IX.
802 618 1026 681 Sec‘i.71.
1055 618 1283 690 adeoque
1314 617 1432 670 nihil
1456 636 1558 671 non
1586 621 1801 686 gignitur
1831 622 1880 670 in
1905 626 2056 684 mari,
2097 638 2149 675 ut

259 714 590 768 cauponarum
611 698 757 747 etiam
781 697 956 749 aestiva
979 691 1205 746 animalia
1229 691 1467 762 (pulices)
1496 696 1682 762 pernici
1704 692 1907 746 molesta
1928 694 2061 756 fiiltu,
2100 712 2152 749 et

254 789 379 845 quae
408 769 608 840 capillus
641 772 861 822 maxime
892 767 1028 829 celat,
1063 765 1350 837 (pediculi)
1385 770 1616 828 existant,
1679 781 1726 819 et
1761 767 2147 836 circumglobata

253 847 386 899 escae
414 845 553 914 saepe
580 843 921 896 extrahantur:
957 860 1085 914 quae
1111 842 1249 894 causa
1269 842 1500 895 somnum
1530 841 1740 910 piscium
1768 846 1817 894 in
1839 847 1962 895 mari
1991 842 2149 897 tiocii-

252 919 345 972 bus
366 917 588 972 infestare
619 920 932 971 existimatur.
1039 914 1356 985 Qibusdam
1385 934 1504 969 vero
1536 913 1640 985 ipfis
1667 918 2008 980 innascuntur,
2044 937 2146 991 quo

248 998 301 1046 in
323 1011 535 1047 numero
569 992 749 1046 chalcis
777 996 1029 1063 accipitur.

397 1140 480 1193 De
509 1139 719 1193 senfibus
748 1140 958 1210 piscium
989 1140 1322 1208 experimenta
1351 1150 1399 1190 et
1429 1135 1731 1190 documenta
1768 1136 1891 1191 haec
1921 1156 2145 1194 comme-

246 1229 411 1268 morat
431 1211 744 1284 Aristoteles,
781 1232 906 1287 quae
934 1211 1076 1266 fimul
1096 1211 1158 1264 ad
1177 1230 1343 1264 mores
1372 1222 1549 1265 eorum
1577 1227 1626 1264 et
1646 1212 1964 1281 piscationem
1997 1219 2146 1284 perti-

245 1303 391 1351 nent,
425 1293 488 1358 H.
506 1290 568 1341 A.
599 1294 678 1340 IV.
705 1301 750 1347 8.
843 1288 1046 1341 Sensum
1079 1287 1245 1355 gustus
1278 1284 1460 1339 habere
1487 1286 1636 1356 pisces
1666 1288 1851 1341 constat
1879 1306 1966 1350 e0,
2007 1289 2145 1362 quod

246 1362 393 1416 multi
410 1363 506 1416 suis
531 1361 826 1435 quibusdam
847 1360 1099 1432 saporibus
1120 1360 1363 1428 gaudent,
1403 1374 1454 1412 et
1478 1361 1636 1413 escam
1658 1364 1707 1413 in
1732 1365 1904 1431 primis
1936 1381 1997 1415 ex
2018 1365 2146 1434 pisce

245 1441 373 1490 amia
406 1451 670 1507 expetunt,
705 1455 767 1489 ex
787 1436 995 1506 piscibus
1017 1433 1294 1507 pinguibus.
1372 1435 1606 1502 (Piscium
1625 1439 1813 1506 pingue
1834 1435 2008 1500 Gaza,
2037 1438 2143 1493 vul-

245 1528 417 1579 garem
445 1510 719 1565 leffionem
749 1512 941 1565 secutus
976 1507 1065 1587 Q)
1087 1504 1149 1569 τό
1178 1515 1295 1569 πίον
1327 1512 1431 1570 τῶν
1458 1504 1669 1585 ἰχθύων
1693 1530 1785 1581 pro
1814 1511 2020 1565 meliore
2049 1511 2141 1590 χρὴ

244 1580 307 1643 τὸ
338 1588 440 1645 τῶν
463 1580 650 1646 πιόνων
673 1580 922 1663 ἰχθύων).
998 1584 1193 1639 Audire
1216 1588 1364 1637 etiam
1395 1600 1446 1638 et
1465 1582 1676 1638 olfacere
1695 1586 1847 1656 pisces
1868 1586 2027 1657 palam
2049 1590 2143 1648 est3

242 1659 392 1713 sonos
416 1664 550 1713 enim
569 1660 903 1724 immodicOS,
933 1674 989 1713 ut
1008 1661 1283 1712 triremium
1302 1657 1565 1730 impulsum
1587 1657 1760 1727 fugere
1782 1661 2012 1715 visuntur.
2051 1666 2143 1715 Ita-

242 1752 342 1807 que
369 1731 509 1787 facile
539 1738 662 1786 intra
695 1733 869 1786 cubilia
900 1735 980 1787 sua
1012 1737 1284 1805 capiuntur.
1333 1802 1335 1805 .
1391 1736 1521 1787 Nam
1552 1733 1634 1789 etfi
1661 1735 1882 1805 strepitus
1907 1749 2140 1791 externus

241 1826 421 1878 parvus
450 1808 709 1870 acciderit,
744 1811 805 1861 iis
831 1822 1026 1870 tamen,
1064 1810 1151 1880 qui
1171 1805 1450 1880 demersum
1477 1811 1530 1861 in
1556 1808 1774 1862 humore
1802 1809 2026 1864 auditum
2053 1811 2139 1865 ha-

243 1881 362 1936 bent
380 1883 548 1946 suum,
587 1881 850 1945 molestUS,
893 1880 1032 1937 fortis
1056 1896 1105 1936 et
1123 1885 1279 1950 gravis
1310 1881 1514 1936 videtur.
1553 1911 1621 1926 -ι
1696 1888 1825 1937 Inter
1852 1886 2143 1955 piscandum

240 1960 461 2011 maxime
491 1971 665 2011 cavent
692 1975 951 2011 remorum
987 1970 1037 2010 et
1063 1959 1242 2009 retium
1272 1958 1537 2026 strepitum.
1631 1963 1803 2031 Itaque
1833 1978 1950 2012 cum
1979 1960 2138 2015 stabu-

240 2027 330 2084 lari
359 2030 524 2103 aliquo
546 2035 596 2084 in
617 2030 732 2085 loco
750 2032 908 2103 pisces
933 2031 1184 2085 confertos
1205 2031 1677 2094 animadverterunt,
1710 2047 1848 2086 certo
1879 2034 2137 2090 intervallo

240 2106 469 2159 distantes
488 2110 605 2159 retia
628 2106 919 2169 demittunt,
950 2119 1003 2159 ut
1021 2123 1184 2177 neque
1204 2122 1347 2159 remo
1369 2123 1532 2177 neque
1554 2105 1765 2178 impulsu
1788 2107 1993 2174 cymbae
2021 2112 2138 2165 stre-

238 2184 370 2250 pitus
395 2181 454 2232 ad
483 2180 840 2234 habitationem
870 2181 1072 2251 piscium
1100 2183 1354 2250 pervenire
1376 2182 1546 2250 poffit3
1581 2195 1630 2234 et
1655 2186 1948 2253 praecipitur
1969 2189 2138 2238 omni-

239 2254 343 2308 bus
359 2259 516 2308 nautis
537 2269 589 2306 ut
611 2254 798 2310 filentio
819 2274 968 2326 quam
997 2259 1219 2308 maximo
1244 2258 1497 2322 navigent,
1536 2255 1658 2308 dum
1687 2274 1893 2325 gregem
1923 2262 2149 2320 circum-2

238 2329 477 2383 dederint.
529 2333 904 2401 Nonnunquam
925 2347 1044 2382 vero
1068 2328 1153 2382 ubi
1175 2345 1440 2397 aggregare
1458 2330 1612 2398 pisces
1636 2329 1909 2395 voluerint,
1950 2331 2134 2388 faciunt

239 2403 379 2476 quod
403 2407 455 2457 in
475 2403 825 2474 delphinorum
849 2418 1047 2474 captura
1068 2402 1257 2456 dicium
1276 2405 1343 2457 est
1355 2424 1369 2464 3
1401 2402 1687 2474 obstrepunt
1707 2408 1842 2458 enim
1864 2406 2001 2473 jaffiis
2018 2408 2135 2483 lapi-

240 2477 403 2539 dibus,
442 2492 497 2531 ut
518 2481 668 2531 territi
690 2492 893 2539 coeant,
927 2492 1072 2549 atque
1093 2483 1154 2532 ita
1182 2476 1384 2531 univerfi
1402 2482 1696 2533 irretiuntur.
1772 2485 1834 2533 Et
1851 2486 2136 2556 priusquam

240 2551 549 2615 incluserint,
586 2571 821 2615 omnem,
862 2566 917 2604 ut
945 2553 1071 2615 dixi,
1109 2555 1361 2622 strepitum
1390 2567 1584 2613 vetant-3
1631 2568 1677 2607 at
1712 2573 1827 2608 cum
1858 2561 2134 2613 circumve-

240 2642 419 2681 nerunt
438 2645 668 2695 gregem,
707 2626 917 2679 clamare
943 2640 1091 2699 atque
1119 2626 1398 2697 obstrepere
1427 2626 1623 2690 iubent3
1658 2646 1721 2681 eo
1756 2634 1888 2682 enim
1917 2632 2133 2686 tumultu

237 2705 396 2755 territi
427 2706 477 2755 in
506 2705 623 2755 retia
655 2700 1034 2771 compelluntur.
1117 2700 1348 2754 Similiter
1379 2700 1464 2754 ubi
1488 2704 1750 2772 piscatores
1787 2722 1815 2757 e
1849 2704 2130 2780 longinquo

239 2776 695 2845 videruntagmina
730 2777 932 2846 piscium
966 2794 1053 2846 per
1081 2794 1217 2828 mare
1247 2775 1559 2847 tranquillum
1597 2792 1646 2831 et
1671 2778 1893 2831 serenum
1929 2783 2131 2850 pascen-

238 2852 366 2903 tium
398 2854 518 2904 etin
536 2852 727 2903 summa
746 2869 870 2922 aqua
889 2851 1329 2920 supernatantium,
1375 2865 1424 2903 et
1451 2849 1592 2904 libuit
1619 2852 2011 2920 magnitudinem
2041 2874 2133 2924 ge-

239 2943 432 2995 nusque
466 2926 796 2993 cognoscere,
840 2923 875 2978 fi
902 2924 1088 2978 silentio
1118 2923 1391 2996 sensimque
1414 2925 1717 2989 accesserint,
1752 2925 1920 2989 latent,
1959 2929 2131 3000 super..

237 3013 555 3069 natantesque
578 2999 739 3052 adhuc
759 2999 1149 3069 deprehendunt.
1225 3000 1297 3052 At
1316 2998 1350 3052 fi
1372 3018 1522 3070 quem
1542 3005 1701 3071 prius,
1735 3015 1888 3070 quam
1908 3021 2131 3074 occupa-

238 3077 360 3134 rint,
408 3075 658 3143 strepitum
691 3078 905 3136 citarint,
951 3072 1118 3142 fugam
1148 3073 1262 3127 inde
1292 3078 1501 3144 arripere
1530 3087 1805 3128 cernuntur.
1843 3103 1912 3120 ·--·
1990 3076 2130 3134 Olfa-

238 3145 343 3201 ἕως
372 3145 535 3206 fimilis
559 3152 682 3203 ratio
710 3151 792 3204 est.
868 3149 1038 3205 Eseam
1063 3153 1198 3203 enim
1222 3168 1324 3201 non
1345 3163 1596 3204 recentem
1620 3153 1854 3220 attingere
1883 3169 1992 3224 pars
2014 3153 2129 3224 plu-

240 3248 243 3250 >
1201 3223 1296 3281 Dei
1333 3240 1361 3274 2
2006 3232 2130 3285 rima
