2571 3775
431 346 473 395 '2¹
484 345 514 394 4
527 338 552 387 8
1231 340 1535 376 ’Ξ

452 471 500 511 et
521 474 546 509 a
567 454 799 527 delphine
827 457 1026 511 minore
1051 456 1393 526 magnitudine
1420 470 1476 529 et
1492 455 1644 512 dorso
1672 455 1848 511 latiore
1881 455 2145 529 discrepat,
2181 473 2344 515 caete-

450 551 563 586 rum
585 530 808 585 caerulei.
865 532 1012 585 Multi
1036 550 1147 585 eam
1167 531 1387 602 delphini
1406 551 1564 601 genus
1585 532 1679 586 effe
1691 534 1916 586 statuunt.
1994 537 2179 588 Omnia
2198 535 2347 599 haee,

434 624 577 679 quae
607 606 816 660 fistulam
847 624 941 676 pro
982 606 1223 660 branchiis
1263 607 1468 671 habent,
1524 608 1755 678 respirant
1794 626 1960 660 aerem
1998 608 2344 678 pulmonibuS,

438 700 580 755 quos
612 695 801 750 gerunt.
905 684 1020 742 Jam
1048 681 1273 735 viderunt
1304 681 1450 754 aliqui
1480 682 1770 754 delphinum
1804 685 1960 737 rostro
1991 686 2133 754 [upra
2161 703 2343 758 aquam

439 755 581 811 relato
608 756 853 817 dormire,
893 774 950 808 ac
978 757 1250 809 stertere-in
1282 757 1475 810 somno.
1553 758 1694 811 Idem
1718 776 1836 810 cum
1859 759 2115 828 phocaena
2149 758 2222 812 lac
2255 759 2343 813 ha-

438 829 587 891 :bent,
624 848 726 902 quo
751 828 913 899 pullos
949 834 1216 892 enutriant,
1236 849 1442 902 >eosque
1479 830 1685 886 infantes
1715 831 1877 885 adhuc
1912 837 2041 887 intus
2082 838 2341 905 recipiunt,

437 904 574 958 ‚Pulli
607 903 841 957 celerrine
874 908 1237 957 incrementum
1266 909 1491 974 capiunt,
1549 921 1599 960 et
1633 907 1810 960 decem
1842 911 1975 961 annis
2009 911 2342 980 perficiuntur.

440 982 687 1034 ‚Foemina
713 994 909 1032 uterum
933 998 1020 1050 per
1042 980 1220 1032 decem
1239 980 1431 1034 menses
1464 980 1708 1048 (lunares)
1735 986 1890 1049 gerit,
1928 1002 2020 1036 nec
2053 983 2137 1037 nifi
2166 987 2345 1037 aestate

441 1058 590 1126 parit.
666 1059 809 1107 Latet
829 1058 977 1107 etiam
998 1053 1079 1106 hic
1108 1059 1298 1108 circiter
1335 1073 1402 1120 30
1433 1055 1537 1109 dies
1563 1055 1654 1109 sub
1681 1056 1930 1110 caniculae
1960 1072 2142 1111 ortum.
2221 1057 2345 1111 Pulli

443 1143 663 1184 matrem
691 1129 774 1181 diu
792 1129 1087 1201 sequuntur,
1131 1148 1287 1201 eaque
1315 1130 1681 1202 amoreprolis
1698 1131 1906 1184 excellit.
1992 1158 1995 1160 >
2023 1136 2130 1185 Vita
2167 1151 2347 1202 eorum

452 1203 603 1272 longa
624 1206 717 1264 est3
754 1202 837 1257 vifi
857 1208 991 1256 enim
1013 1205 1149 1266 sunt,
1193 1208 1277 1276 qui
1295 1223 1453 1259 annos
1484 1223 1569 1268 ες,
1599 1205 1677 1259 alii
1708 1211 1792 1278 qui
1831 1226 1893 1268 30
1922 1225 2078 1262 annos
2109 1211 2346 1260 vixerant.

446 1279 718 1332 :Piscatores
738 1277 917 1330 scilicet
939 1280 1149 1349 praecisa
1170 1281 1324 1332 cauda
1345 1280 1601 1333 dimittunt
1622 1296 1820 1351 captOS,
1848 1297 1996 1354 atque
2018 1286 2080 1336 ita
2106 1285 2345 1353 temporis

446 1353 663 1423 -spatium
687 1354 959 1423 supputant.
1072 1349 1319 1407 Albertus
1342 1355 1652 1425 phocaenam
1688 1355 1949 1423 tyrfionem
1983 1362 2346 1428 interpretatur,

448 1443 595 1482 -vetus
617 1427 770 1481 vei-fio
794 1426 932 1480 bovis
956 1432 1133 1480 marini
1161 1426 1446 1482 foeminam.
1516 1471 1519 1473 Α
1542 1431 1759 1484 Codices
1788 1435 1971 1500 Regius
2006 1447 2054 1485 et
2083 1436 2350 1485 Vaticanus

454 1501 585 1557 male
609 1502 827 1571 phocam
847 1507 1120 1556 nominant.
1195 1504 1388 1572 Deinde
1406 1471 1537 1558 solu}
1558 1500 1806 1560 Albertus
1837 1521 2038 1559 centum
2070 1508 2119 1559 et
2150 1510 2349 1575 triginta

449 1591 506 1630 et
529 1591 729 1630 centum
749 1592 799 1631 et
812 1582 984 1646 viginti
1007 1596 1165 1632 annos
1190 1583 1315 1632 vitae
1328 1583 1495 1650 ponit:
1534 1598 1660 1653 quae
1680 1584 1806 1635 ratio
1817 1580 2123 1652 probabilior
2136 1587 2351 1636 omnino

449 1650 553 1706 esse
573 1652 763 1705 videtur
784 1668 1061 1723 comparata
1091 1672 1208 1723 cum
1233 1657 1512 1722 gestationis
1546 1669 1772 1726 tempore
1803 1671 1859 1710 et
1880 1656 2082 1710 confilio
2111 1660 2352 1711 orationis

459 1724 617 1797 ipfius.
694 1722 1122 1781 PorroAlbertus
1142 1747 1236 1798 pro
1256 1729 1521 1783 latitatione
1544 1730 1803 1783 caniculari
1834 1730 2007 1784 habet:
2057 1746 2104 1784 et
2133 1731 2352 1784 ambulat

463 1805 608 1855 etiam
633 1802 847 1856 natando
868 1801 952 1854 sub
968 1801 1173 1873 pelago,
1217 1817 1264 1856 et
1286 1805 1353 1856 est
1374 1807 1633 1874 proprium
1657 1804 2007 1875 delphinorum
2037 1805 2194 1874 longo
2226 1822 2352 1859 tem-

458 1893 584 1946 pore
603 1877 736 1950 sequi
755 1876 929 1948 pullos.
1017 1875 1214 1931 Audior
1235 1878 1296 1931 de
1318 1894 1482 1931 natura
1506 1897 1671 1932 rerum
1689 1878 2177 1949 apudtVinceutium
2201 1885 2350 1934 XVII.

461 1968 565 2021 cap.
598 1971 614 2001 ι
633 1971 653 2013 3
670 1973 712 2004 ς.
751 1952 1059 2022 phocaenam
1085 1955 1426 2023 interpretatur
1443 1972 1644 2007 vaccam
1664 1958 1920 2017 marinam,
1954 1955 2035 2008 sed
2047 1973 2207 2009 annos
2225 1959 2351 2008 vitae

451 2034 529 2088 '30
555 2029 695 2095 ponit
709 2024 999 2095 simpliciter.
1079 2026 1214 2079 Idem
1235 2046 1338 2098 cap.
1362 2049 1376 2078 ι
1401 2035 1475 2080 16.
1500 2028 1713 2098 phocam
1733 2028 1917 2082 bovem
1942 2034 2190 2083 marinum
2200 2034 2351 2083 inter-

451 2110 691 2170 pretatur.
786 2100 930 2154 Plane
963 2120 1078 2154 cum
1111 2098 1327 2155 Alberto
1364 2100 1475 2155 facit
1502 2117 1641 2156 vetus
1674 2102 1829 2158 verfio
1856 2104 1985 2175 apud
2021 2102 2080 2159 V
2080 2102 2350 2172 immitium

463 2192 565 2245 cap.
606 2193 720 2240 109.
754 2175 1012 2246 delphinus
1035 2195 1137 2229 non
1165 2175 1309 2230 habet
1331 2174 1414 2239 fel,
1447 2181 1562 2230 vivit
1593 2183 1730 2231 annis
1769 2197 1885 2230 120.
1915 2191 1962 2231 et
1990 2179 2101 2248 plus
2123 2211 2187 2221 --
2228 2183 2350 2249 parit

451 2251 637 2302 'aestate
670 2251 1025 2303 tantummodo
1052 2266 1099 2303 et
1120 2250 1336 2303 ambulat
1365 2250 1452 2303 sub
1480 2250 1658 2320 pelago
1696 2252 1839 2321 pullis
1871 2253 1963 2305 suis
1994 2272 2110 2305 eum
2144 2254 2349 2325 sequen-

463 2322 591 2376 tibus
613 2323 767 2391 longo
790 2338 1029 2394 tempore.
1107 2325 1292 2376 Eadem
1320 2324 1473 2377 verfio
1502 2325 1709 2378 fistulam
1738 2331 1787 2378 in
1822 2331 1977 2397 capite
2015 2332 2348 2404 (φυσητῆρα,

450 2397 793 2472 Ρὴγίὲῖεῑειῃ)
820 2415 1025 2450 cannam
1047 2398 1181 2450 dixit.
1239 2402 1484 2469 ,Denique
1506 2398 1680 2453 audior
1700 2400 1761 2453 de
1784 2415 1950 2456 natura
1970 2420 2136 2456 rerum
2155 2402 2348 2455 ibidem

466 2489 570 2541 cap.
604 2492 734 2524 111,v
761 2490 920 2525 mares
959 2470 1152 2525 feminis
1194 2472 1488 2544 parientibus
1517 2474 1705 2528 catulos
1739 2476 2004 2538 devorant3
2058 2477 2137 2529 sed
2168 2496 2349 2531 matres

452 2542 582 2598 'cum
598 2543 817 2607 foetibus
844 2547 889 2599 se
910 2545 1170 2601 occultant.
1256 2546 1481 2616 Diligunt
1513 2554 1646 2602 enim
1675 2568 1762 2603 eos
1795 2555 2057 2618 tenerrime
2094 2551 2350 2623 longoque

465 2634 691 2690 tempore
738 2621 926 2674 ducunt
960 2623 1067 2691 post
1111 2622 1183 2683 se,
1224 2636 1271 2675 et
1299 2621 1365 2675 illi
1398 2621 1484 2675 sub
1513 2642 1636 2695 aqua
1676 2639 1857 2678 matres
1893 2627 2170 2697 sequuntur.
2254 2626 2350 2679 Sed

464 2691 675 2749 Pliwiws
702 2695 948 2764 vulgatam
992 2694 1257 2749 lediionem
1288 2699 1538 2766 expressit:
1605 2697 1874 2762 abduntur,
1923 2704 2107 2771 inquit,
2151 2703 2348 2755 tricenis

463 2768 640 2822 diebus
669 2774 797 2823 circa
832 2775 965 2825 canis
1000 2784 1167 2824 ortum
1202 2771 1607 2845 occultanturque
1643 2777 1905 2841 incognito
1935 2775 2112 2828 modo.
2190 2776 2348 2843 Qiod

464 2861 526 2897 eo
552 2848 706 2912 magis
729 2849 912 2898 mirum
945 2847 1037 2905 est,
1079 2843 1111 2898 fi
1139 2846 1310 2916 spirare
1342 2850 1391 2898 in
1413 2865 1537 2918 aqua
1570 2861 1836 2919 nequeunt.
1950 2850 2216 2902 Prudenter
2246 2850 2348 2904 hoc

463 2915 670 2972 Plinius
691 2920 949 2974 admonet!
1001 2923 1230 2992 Denique
1252 2918 1346 2973 alia
1369 2925 1516 2973 etiam
1544 2926 1592 2974 in
1619 2921 1735 2976 loco
1762 2918 2055 2991 Aristotelis
2086 2923 2348 2994 scripturae

386 3035 395 3045 .
466 2996 667 3046 varietas
689 2995 881 3049 videtur
904 2993 1052 3048 fuisse.
1141 2999 1324 3049 Omnia
1352 2999 1485 3048 enim
1507 3013 1632 3066 qnae
1653 2995 1733 3049 ille
1752 2996 1814 3049 de
1837 2996 2121 3065 phocaena,
2172 2999 2348 3052 eadem

466 3062 711 3120 Aelianus
742 3075 796 3121 V.
818 3090 864 3131 4.
908 3071 969 3123 de
997 3070 1230 3140 phalaena
1264 3070 1433 3131 tradit,
1487 3069 1695 3123 similem
1740 3071 1833 3123 effe
1873 3071 2118 3142 delphini,
2178 3073 2350 3126 colore

466 3156 572 3193 non
589 3145 763 3210 nigro,
803 3144 886 3197 sed
931 3143 1157 3200 caeruleo
1192 3145 1378 3207 latur03
1434 3159 1570 3199 extra
1605 3150 1828 3203 Pontum·
1854 3148 2075 3217 nuspiam
2118 3148 2350 3214 conspici.

2159 3220 2345 3277 Habuit
