<?xml version="1.0" encoding="UTF-8"?>
<!DOCTYPE html PUBLIC "-//W3C//DTD XHTML 1.0 Transitional//EN"
    "http://www.w3.org/TR/xhtml1/DTD/xhtml1-transitional.dtd">
<html xmlns="http://www.w3.org/1999/xhtml" xml:lang="en" lang="en">
 <head>
  <title>
</title>
<meta http-equiv="Content-Type" content="text/html;charset=utf-8" />
  <meta name='ocr-system' content='tesseract 3.04.00' />
  <meta name='ocr-capabilities' content='ocr_page ocr_carea ocr_par ocr_line ocrx_word'/>
</head>
<body>
  <div class='ocr_page' id='page_1' title='image "./synonymiapiscium00arte_0095.png"; bbox 0 0 2571 3775; ppageno 0'>
   <div class='ocr_carea' id='block_1_1' title="bbox 240 416 2134 3234">
    <p class='ocr_par' dir='ltr' id='par_1_1' title="bbox 240 416 2132 3170">
     <span class='ocr_line' id='line_1_1' title="bbox 243 416 2117 498; baseline -0.01 -5"><span class='ocrx_word' id='word_1_1' title='bbox 243 436 473 493; x_wconf 82' lang='lat' dir='ltr'><strong>difficiles</strong></span> <span class='ocrx_word' id='word_1_2' title='bbox 491 437 597 490; x_wconf 90' lang='lat' dir='ltr'><strong>sunt</strong></span> <span class='ocrx_word' id='word_1_3' title='bbox 618 431 677 486; x_wconf 85' lang='lat' dir='ltr'><strong>ad</strong></span> <span class='ocrx_word' id='word_1_4' title='bbox 699 421 1046 498; x_wconf 85' lang='lat' dir='ltr'><strong>explicandum</strong></span> <span class='ocrx_word' id='word_1_5' title='bbox 1061 426 1079 484; x_wconf 72' lang='grc'><strong>,“</strong></span> <span class='ocrx_word' id='word_1_6' title='bbox 1095 432 1360 491; x_wconf 74' lang='lat' dir='ltr'><strong>antequam</strong></span> <span class='ocrx_word' id='word_1_7' title='bbox 1384 419 1522 489; x_wconf 64' lang='lat' dir='ltr'><strong>piscis</strong></span> <span class='ocrx_word' id='word_1_8' title='bbox 1541 416 1755 474; x_wconf 80' lang='lat' dir='ltr'><strong>formam</strong></span> <span class='ocrx_word' id='word_1_9' title='bbox 1776 422 2117 493; x_wconf 79' lang='lat' dir='ltr'><strong>ipsam&#39;notam</strong></span> 
     </span>
     <span class='ocr_line' id='line_1_2' title="bbox 245 488 2115 575; baseline -0.01 -8"><span class='ocrx_word' id='word_1_10' title='bbox 245 514 435 567; x_wconf 81' lang='lat' dir='ltr'><strong>habeas.</strong></span> <span class='ocrx_word' id='word_1_11' title='bbox 546 503 787 575; x_wconf 83' lang='lat' dir='ltr'>Equidem</span> <span class='ocrx_word' id='word_1_12' title='bbox 826 497 950 551; x_wconf 87' lang='lat' dir='ltr'><strong>olim</strong></span> <span class='ocrx_word' id='word_1_13' title='bbox 981 515 1097 550; x_wconf 89' lang='lat' dir='ltr'><strong>cum</strong></span> <span class='ocrx_word' id='word_1_14' title='bbox 1130 488 1429 549; x_wconf 67' lang='lat' dir='ltr'><strong>Rotideletio</strong></span> <span class='ocrx_word' id='word_1_15' title='bbox 1466 491 1637 547; x_wconf 84' lang='lat' dir='ltr'><strong>locum</strong></span> <span class='ocrx_word' id='word_1_16' title='bbox 1672 499 1735 546; x_wconf 88' lang='lat' dir='ltr'><strong>ita</strong></span> <span class='ocrx_word' id='word_1_17' title='bbox 1778 500 2115 565; x_wconf 84' lang='lat' dir='ltr'><strong>interpretatus</strong></span> 
     </span>
     <span class='ocr_line' id='line_1_3' title="bbox 241 564 2117 654; baseline -0.01 -13"><span class='ocrx_word' id='word_1_18' title='bbox 241 590 375 640; x_wconf 86' lang='lat' dir='ltr'><strong>sum:</strong></span> <span class='ocrx_word' id='word_1_19' title='bbox 419 580 553 654; x_wconf 87' lang='lat' dir='ltr'><strong>quod</strong></span> <span class='ocrx_word' id='word_1_20' title='bbox 576 577 671 629; x_wconf 84' lang='lat' dir='ltr'><strong>illis</strong></span> <span class='ocrx_word' id='word_1_21' title='bbox 690 571 823 627; x_wconf 81' lang='lat' dir='ltr'><strong>oculi</strong></span> <span class='ocrx_word' id='word_1_22' title='bbox 851 585 983 642; x_wconf 87' lang='lat' dir='ltr'><strong>parte</strong></span> <span class='ocrx_word' id='word_1_23' title='bbox 1003 571 1251 638; x_wconf 77' lang='lat' dir='ltr'>superiore</span> <span class='ocrx_word' id='word_1_24' title='bbox 1281 570 1328 618; x_wconf 86' lang='lat' dir='ltr'><strong>in</strong></span> <span class='ocrx_word' id='word_1_25' title='bbox 1362 565 1538 620; x_wconf 87' lang='lat' dir='ltr'><strong>orbem</strong></span> <span class='ocrx_word' id='word_1_26' title='bbox 1569 564 1721 619; x_wconf 89' lang='lat' dir='ltr'><strong>veluti</strong></span> <span class='ocrx_word' id='word_1_27' title='bbox 1747 568 2003 638; x_wconf 83' lang='lat' dir='ltr'><strong>supercilio</strong></span> <span class='ocrx_word' id='word_1_28' title='bbox 2036 589 2117 623; x_wconf 49' lang='lat' dir='ltr'><strong>ro*-</strong></span> 
     </span>
     <span class='ocr_line' id='line_1_4' title="bbox 246 639 2117 721; baseline -0.009 -8"><span class='ocrx_word' id='word_1_29' title='bbox 246 659 401 713; x_wconf 86' lang='lat' dir='ltr'><strong>tundo</strong></span> <span class='ocrx_word' id='word_1_30' title='bbox 421 659 561 721; x_wconf 84' lang='lat' dir='ltr'><strong>nigro</strong></span> <span class='ocrx_word' id='word_1_31' title='bbox 583 647 726 703; x_wconf 62' lang='lat' dir='ltr'><strong>cinc‘li</strong></span> <span class='ocrx_word' id='word_1_32' title='bbox 748 661 794 700; x_wconf 93' lang='lat' dir='ltr'><strong>et</strong></span> <span class='ocrx_word' id='word_1_33' title='bbox 807 648 1030 698; x_wconf 86' lang='lat' dir='ltr'><strong>coronati</strong></span> <span class='ocrx_word' id='word_1_34' title='bbox 1046 644 1171 698; x_wconf 85' lang='lat' dir='ltr'><strong>sunt.</strong></span> <span class='ocrx_word' id='word_1_35' title='bbox 1248 645 1372 694; x_wconf 91' lang='lat' dir='ltr'><strong>Puto</strong></span> <span class='ocrx_word' id='word_1_36' title='bbox 1391 660 1523 693; x_wconf 89' lang='lat' dir='ltr'><strong>nunc</strong></span> <span class='ocrx_word' id='word_1_37' title='bbox 1545 639 1763 693; x_wconf 87' lang='lat' dir='ltr'><strong>lunulam</strong></span> <span class='ocrx_word' id='word_1_38' title='bbox 1777 642 1859 694; x_wconf 89' lang='lat' dir='ltr'><strong>seu</strong></span> <span class='ocrx_word' id='word_1_39' title='bbox 1881 641 2117 696; x_wconf 80' lang='lat' dir='ltr'><strong>circulum</strong></span> 
     </span>
     <span class='ocr_line' id='line_1_5' title="bbox 240 713 2120 796; baseline -0.009 -11"><span class='ocrx_word' id='word_1_40' title='bbox 240 747 401 785; x_wconf 73' lang='lat' dir='ltr'><strong>atrum</strong></span> <span class='ocrx_word' id='word_1_41' title='bbox 421 728 558 796; x_wconf 90' lang='lat' dir='ltr'><strong>super</strong></span> <span class='ocrx_word' id='word_1_42' title='bbox 579 722 736 777; x_wconf 87' lang='lat' dir='ltr'><strong>oculis</strong></span> <span class='ocrx_word' id='word_1_43' title='bbox 760 718 1037 790; x_wconf 77' lang='lat' dir='ltr'><strong>appositum</strong></span> <span class='ocrx_word' id='word_1_44' title='bbox 1067 715 1216 771; x_wconf 80' lang='lat' dir='ltr'><strong>veluti</strong></span> <span class='ocrx_word' id='word_1_45' title='bbox 1249 713 1559 784; x_wconf 81' lang='lat' dir='ltr'><strong>supercilium</strong></span> <span class='ocrx_word' id='word_1_46' title='bbox 1596 714 1813 783; x_wconf 71' lang='lat' dir='ltr'><strong>intelligi.</strong></span> <span class='ocrx_word' id='word_1_47' title='bbox 1924 717 2120 769; x_wconf 79' lang='lat' dir='ltr'><strong>Deinde</strong></span> 
     </span>
     <span class='ocr_line' id='line_1_6' title="bbox 245 788 2119 873; baseline -0.007 -19"><span class='ocrx_word' id='word_1_48' title='bbox 245 798 521 873; x_wconf 74' lang='lat' dir='ltr'><strong>Oppianus</strong></span> <span class='ocrx_word' id='word_1_49' title='bbox 543 803 618 850; x_wconf 91' lang='lat' dir='ltr'><strong>III.</strong></span> <span class='ocrx_word' id='word_1_50' title='bbox 659 815 683 849; x_wconf 91' lang='lat' dir='ltr'><strong>a</strong></span> <span class='ocrx_word' id='word_1_51' title='bbox 707 795 844 849; x_wconf 85' lang='lat' dir='ltr'><strong>versu</strong></span> <span class='ocrx_word' id='word_1_52' title='bbox 866 811 984 852; x_wconf 82' lang='lat'><strong>205·</strong></span> <span class='ocrx_word' id='word_1_53' title='bbox 1016 791 1077 844; x_wconf 88' lang='lat' dir='ltr'><strong>ad</strong></span> <span class='ocrx_word' id='word_1_54' title='bbox 1106 802 1224 847; x_wconf 74' lang='lat'><strong>280.</strong></span> <span class='ocrx_word' id='word_1_55' title='bbox 1265 788 1474 842; x_wconf 86' lang='lat' dir='ltr'><strong>eandem</strong></span> <span class='ocrx_word' id='word_1_56' title='bbox 1495 788 1638 860; x_wconf 86' lang='lat' dir='ltr'><strong>plane</strong></span> <span class='ocrx_word' id='word_1_57' title='bbox 1658 789 1932 843; x_wconf 84' lang='lat' dir='ltr'><strong>anthiarum</strong></span> <span class='ocrx_word' id='word_1_58' title='bbox 1954 803 2119 860; x_wconf 78' lang='lat' dir='ltr'><strong>captu·-</strong></span> 
     </span>
     <span class='ocr_line' id='line_1_7' title="bbox 244 860 2118 942; baseline -0.006 -14"><span class='ocrx_word' id='word_1_59' title='bbox 244 894 346 928; x_wconf 85' lang='lat' dir='ltr'><strong>ram</strong></span> <span class='ocrx_word' id='word_1_60' title='bbox 379 887 563 935; x_wconf 80' lang='lat' dir='ltr'><strong>narrat,</strong></span> <span class='ocrx_word' id='word_1_61' title='bbox 616 889 766 942; x_wconf 88' lang='lat' dir='ltr'><strong>quam</strong></span> <span class='ocrx_word' id='word_1_62' title='bbox 799 882 938 921; x_wconf 88' lang='lat' dir='ltr'><strong>antea</strong></span> <span class='ocrx_word' id='word_1_63' title='bbox 977 884 1040 918; x_wconf 84' lang='lat' dir='ltr'><strong>ex</strong></span> <span class='ocrx_word' id='word_1_64' title='bbox 1072 860 1248 919; x_wconf 63' lang='lat' dir='ltr'><strong>Plinio</strong></span> <span class='ocrx_word' id='word_1_65' title='bbox 1282 863 1447 932; x_wconf 85' lang='lat' dir='ltr'><strong>posui,</strong></span> <span class='ocrx_word' id='word_1_66' title='bbox 1497 861 1583 916; x_wconf 82' lang='lat' dir='ltr'><strong>nifi</strong></span> <span class='ocrx_word' id='word_1_67' title='bbox 1618 864 1757 935; x_wconf 89' lang='lat' dir='ltr'><strong>quod</strong></span> <span class='ocrx_word' id='word_1_68' title='bbox 1789 862 2118 917; x_wconf 81' lang='lat' dir='ltr'><strong>cautiunculas</strong></span> 
     </span>
     <span class='ocr_line' id='line_1_8' title="bbox 244 935 2119 1021; baseline -0.008 -21"><span class='ocrx_word' id='word_1_69' title='bbox 244 948 480 1021; x_wconf 83' lang='lat' dir='ltr'><strong>quasdam</strong></span> <span class='ocrx_word' id='word_1_70' title='bbox 518 945 692 1000; x_wconf 82' lang='lat' dir='ltr'><strong>omifit.</strong></span> <span class='ocrx_word' id='word_1_71' title='bbox 802 947 957 995; x_wconf 85' lang='lat' dir='ltr'><strong>Porro</strong></span> <span class='ocrx_word' id='word_1_72' title='bbox 1010 935 1287 1010; x_wconf 69' lang='lat' dir='ltr'><strong>Oppianus</strong></span> <span class='ocrx_word' id='word_1_73' title='bbox 1337 937 1474 990; x_wconf 89' lang='lat' dir='ltr'><strong>versu</strong></span> <span class='ocrx_word' id='word_1_74' title='bbox 1532 949 1652 995; x_wconf 84' lang='lat'><strong>281.</strong></span> <span class='ocrx_word' id='word_1_75' title='bbox 1700 938 1761 990; x_wconf 87' lang='lat' dir='ltr'><strong>ad</strong></span> <span class='ocrx_word' id='word_1_76' title='bbox 1809 957 1927 1002; x_wconf 65' lang='lat'><strong>334.</strong></span> <span class='ocrx_word' id='word_1_77' title='bbox 1969 939 2119 1009; x_wconf 81' lang='lat' dir='ltr'><strong>usque</strong></span> 
     </span>
     <span class='ocr_line' id='line_1_9' title="bbox 244 1009 2119 1093; baseline -0.006 -17"><span class='ocrx_word' id='word_1_78' title='bbox 244 1037 495 1093; x_wconf 87' lang='lat' dir='ltr'><strong>capturam</strong></span> <span class='ocrx_word' id='word_1_79' title='bbox 515 1017 765 1079; x_wconf 76' lang='lat' dir='ltr'><strong>describit,</strong></span> <span class='ocrx_word' id='word_1_80' title='bbox 802 1034 927 1086; x_wconf 89' lang='lat' dir='ltr'><strong>quae</strong></span> <span class='ocrx_word' id='word_1_81' title='bbox 949 1016 1005 1066; x_wconf 83' lang='lat' dir='ltr'><strong>fit</strong></span> <span class='ocrx_word' id='word_1_82' title='bbox 1028 1012 1335 1083; x_wconf 83' lang='lat' dir='ltr'><strong>perhamum</strong></span> <span class='ocrx_word' id='word_1_83' title='bbox 1358 1009 1544 1065; x_wconf 69' lang='lat' dir='ltr'><strong>labrace</strong></span> <span class='ocrx_word' id='word_1_84' title='bbox 1566 1029 1656 1080; x_wconf 92' lang='lat' dir='ltr'><strong>pro</strong></span> <span class='ocrx_word' id='word_1_85' title='bbox 1678 1012 1782 1064; x_wconf 85' lang='lat' dir='ltr'><strong>esca</strong></span> <span class='ocrx_word' id='word_1_86' title='bbox 1809 1013 1978 1064; x_wconf 84' lang='lat' dir='ltr'><strong>indito.</strong></span> <span class='ocrx_word' id='word_1_87' title='bbox 2046 1017 2119 1067; x_wconf 78' lang='lat' dir='ltr'><strong>Ex</strong></span> 
     </span>
     <span class='ocr_line' id='line_1_10' title="bbox 245 1082 2121 1168; baseline -0.006 -18"><span class='ocrx_word' id='word_1_88' title='bbox 245 1115 339 1168; x_wconf 89' lang='lat' dir='ltr'><strong>qua</strong></span> <span class='ocrx_word' id='word_1_89' title='bbox 380 1099 598 1166; x_wconf 88' lang='lat' dir='ltr'><strong>primum</strong></span> <span class='ocrx_word' id='word_1_90' title='bbox 627 1091 747 1145; x_wconf 89' lang='lat' dir='ltr'><strong>illud</strong></span> <span class='ocrx_word' id='word_1_91' title='bbox 791 1091 846 1142; x_wconf 87' lang='lat' dir='ltr'><strong>fit</strong></span> <span class='ocrx_word' id='word_1_92' title='bbox 877 1086 1186 1141; x_wconf 85' lang='lat' dir='ltr'><strong>manifestum</strong></span> <span class='ocrx_word' id='word_1_93' title='bbox 1221 1088 1412 1152; x_wconf 79' lang='lat' dir='ltr'><strong>magnis</strong></span> <span class='ocrx_word' id='word_1_94' title='bbox 1442 1082 1622 1137; x_wconf 84' lang='lat' dir='ltr'><strong>viribus</strong></span> <span class='ocrx_word' id='word_1_95' title='bbox 1654 1099 1798 1155; x_wconf 82' lang='lat' dir='ltr'><strong>atque</strong></span> <span class='ocrx_word' id='word_1_96' title='bbox 1831 1088 2121 1139; x_wconf 66' lang='lat' dir='ltr'><strong>instrumen-</strong></span> 
     </span>
     <span class='ocr_line' id='line_1_11' title="bbox 240 1158 2118 1233; baseline -0.005 -10"><span class='ocrx_word' id='word_1_97' title='bbox 240 1175 300 1223; x_wconf 85' lang='lat' dir='ltr'><strong>tis</strong></span> <span class='ocrx_word' id='word_1_98' title='bbox 343 1169 606 1223; x_wconf 84' lang='lat' dir='ltr'><strong>fortiffimis</strong></span> <span class='ocrx_word' id='word_1_99' title='bbox 649 1164 782 1219; x_wconf 84' lang='lat' dir='ltr'><strong>fuiffe</strong></span> <span class='ocrx_word' id='word_1_100' title='bbox 832 1181 958 1233; x_wconf 89' lang='lat' dir='ltr'><strong>opus</strong></span> <span class='ocrx_word' id='word_1_101' title='bbox 1002 1174 1172 1214; x_wconf 81' lang='lat' dir='ltr'><strong>contra</strong></span> <span class='ocrx_word' id='word_1_102' title='bbox 1209 1159 1391 1228; x_wconf 83' lang='lat' dir='ltr'><strong>piscem</strong></span> <span class='ocrx_word' id='word_1_103' title='bbox 1429 1172 1478 1212; x_wconf 90' lang='lat' dir='ltr'><strong>et</strong></span> <span class='ocrx_word' id='word_1_104' title='bbox 1530 1158 1768 1227; x_wconf 83' lang='lat' dir='ltr'><strong>grandem</strong></span> <span class='ocrx_word' id='word_1_105' title='bbox 1799 1172 1848 1211; x_wconf 90' lang='lat' dir='ltr'><strong>et</strong></span> <span class='ocrx_word' id='word_1_106' title='bbox 1886 1158 2118 1213; x_wconf 87' lang='lat' dir='ltr'><strong>validum.</strong></span> 
     </span>
     <span class='ocr_line' id='line_1_12' title="bbox 242 1231 2112 1310; baseline -0.007 -12"><span class='ocrx_word' id='word_1_107' title='bbox 242 1244 436 1298; x_wconf 87' lang='lat' dir='ltr'><strong>Deinde</strong></span> <span class='ocrx_word' id='word_1_108' title='bbox 461 1243 594 1296; x_wconf 82' lang='lat' dir='ltr'><strong>addit</strong></span> <span class='ocrx_word' id='word_1_109' title='bbox 612 1253 776 1310; x_wconf 85' lang='lat' dir='ltr'><strong>poeta,</strong></span> <span class='ocrx_word' id='word_1_110' title='bbox 801 1251 944 1307; x_wconf 86' lang='lat' dir='ltr'><strong>capto</strong></span> <span class='ocrx_word' id='word_1_111' title='bbox 965 1236 1078 1306; x_wconf 83' lang='lat' dir='ltr'><strong>pisci</strong></span> <span class='ocrx_word' id='word_1_112' title='bbox 1099 1235 1257 1287; x_wconf 85' lang='lat' dir='ltr'><strong>socios</strong></span> <span class='ocrx_word' id='word_1_113' title='bbox 1279 1231 1504 1302; x_wconf 89' lang='lat' dir='ltr'><strong>opitulari</strong></span> <span class='ocrx_word' id='word_1_114' title='bbox 1515 1247 1740 1296; x_wconf 81' lang='lat' dir='ltr'><strong>conatOS,</strong></span> <span class='ocrx_word' id='word_1_115' title='bbox 1761 1233 1898 1287; x_wconf 77' lang='lat' dir='ltr'><strong>dorsa</strong></span> <span class='ocrx_word' id='word_1_116' title='bbox 1919 1233 1981 1286; x_wconf 88' lang='lat' dir='ltr'><strong>ad</strong></span> <span class='ocrx_word' id='word_1_117' title='bbox 1995 1252 2112 1286; x_wconf 88' lang='lat' dir='ltr'><strong>eum</strong></span> 
     </span>
     <span class='ocr_line' id='line_1_13' title="bbox 242 1306 2117 1386; baseline -0.005 -15"><span class='ocrx_word' id='word_1_118' title='bbox 242 1316 505 1385; x_wconf 60' lang='lat' dir='ltr'><strong>conjundla</strong></span> <span class='ocrx_word' id='word_1_119' title='bbox 527 1332 773 1386; x_wconf 86' lang='lat' dir='ltr'><strong>apponere</strong></span> <span class='ocrx_word' id='word_1_120' title='bbox 789 1326 933 1382; x_wconf 84' lang='lat' dir='ltr'><strong>atque</strong></span> <span class='ocrx_word' id='word_1_121' title='bbox 958 1314 1021 1362; x_wconf 88' lang='lat' dir='ltr'><strong>ita</strong></span> <span class='ocrx_word' id='word_1_122' title='bbox 1046 1307 1297 1378; x_wconf 85' lang='lat' dir='ltr'><strong>impellere</strong></span> <span class='ocrx_word' id='word_1_123' title='bbox 1319 1311 1565 1377; x_wconf 86' lang='lat' dir='ltr'><strong>captivum</strong></span> <span class='ocrx_word' id='word_1_124' title='bbox 1584 1307 1789 1360; x_wconf 86' lang='lat' dir='ltr'><strong>studere.</strong></span> <span class='ocrx_word' id='word_1_125' title='bbox 1826 1306 2117 1380; x_wconf 77' lang='lat' dir='ltr'><strong>Aliquando</strong></span> 
     </span>
     <span class='ocr_line' id='line_1_14' title="bbox 243 1380 2119 1450; baseline -0.005 -5"><span class='ocrx_word' id='word_1_126' title='bbox 243 1396 393 1445; x_wconf 87' lang='lat' dir='ltr'><strong>etiam</strong></span> <span class='ocrx_word' id='word_1_127' title='bbox 422 1389 696 1444; x_wconf 88' lang='lat' dir='ltr'><strong>funiculum</strong></span> <span class='ocrx_word' id='word_1_128' title='bbox 737 1387 896 1440; x_wconf 78' lang='lat' dir='ltr'><strong>rostro</strong></span> <span class='ocrx_word' id='word_1_129' title='bbox 926 1384 1008 1436; x_wconf 91' lang='lat' dir='ltr'><strong>sed</strong></span> <span class='ocrx_word' id='word_1_130' title='bbox 1042 1381 1237 1444; x_wconf 77' lang='lat' dir='ltr'><strong>frustra,</strong></span> <span class='ocrx_word' id='word_1_131' title='bbox 1281 1381 1628 1450; x_wconf 87' lang='lat' dir='ltr'><strong>praemordere</strong></span> <span class='ocrx_word' id='word_1_132' title='bbox 1657 1385 1850 1442; x_wconf 81' lang='lat' dir='ltr'><strong>conari3</strong></span> <span class='ocrx_word' id='word_1_133' title='bbox 1890 1380 2119 1436; x_wconf 80' lang='lat' dir='ltr'><strong>dentibus</strong></span> 
     </span>
     <span class='ocr_line' id='line_1_15' title="bbox 243 1454 2120 1532; baseline -0.006 -12"><span class='ocrx_word' id='word_1_134' title='bbox 243 1470 377 1519; x_wconf 86' lang='lat' dir='ltr'><strong>enim</strong></span> <span class='ocrx_word' id='word_1_135' title='bbox 404 1483 582 1519; x_wconf 87' lang='lat' dir='ltr'><strong>carere.</strong></span> <span class='ocrx_word' id='word_1_136' title='bbox 663 1465 896 1532; x_wconf 88' lang='lat' dir='ltr'><strong>Denique</strong></span> <span class='ocrx_word' id='word_1_137' title='bbox 931 1457 1177 1510; x_wconf 79' lang='lat' dir='ltr'><strong>interdum</strong></span> <span class='ocrx_word' id='word_1_138' title='bbox 1208 1455 1425 1508; x_wconf 85' lang='lat' dir='ltr'><strong>anthiam</strong></span> <span class='ocrx_word' id='word_1_139' title='bbox 1454 1454 1632 1508; x_wconf 88' lang='lat' dir='ltr'><strong>lineam</strong></span> <span class='ocrx_word' id='word_1_140' title='bbox 1661 1454 1939 1508; x_wconf 82' lang='lat' dir='ltr'><strong>abscindere</strong></span> <span class='ocrx_word' id='word_1_141' title='bbox 1972 1457 2120 1516; x_wconf 89' lang='lat' dir='ltr'><strong>dorso</strong></span> 
     </span>
     <span class='ocr_line' id='line_1_16' title="bbox 243 1528 2122 1611; baseline -0.005 -18"><span class='ocrx_word' id='word_1_142' title='bbox 243 1539 492 1593; x_wconf 85' lang='lat' dir='ltr'><strong>cultellato</strong></span> <span class='ocrx_word' id='word_1_143' title='bbox 510 1552 654 1611; x_wconf 86' lang='lat' dir='ltr'><strong>atque</strong></span> <span class='ocrx_word' id='word_1_144' title='bbox 673 1533 919 1602; x_wconf 81' lang='lat' dir='ltr'><strong>aufugere.</strong></span> <span class='ocrx_word' id='word_1_145' title='bbox 999 1529 1218 1584; x_wconf 89' lang='lat' dir='ltr'><strong>Similem</strong></span> <span class='ocrx_word' id='word_1_146' title='bbox 1252 1533 1480 1582; x_wconf 88' lang='lat' dir='ltr'><strong>virtutem</strong></span> <span class='ocrx_word' id='word_1_147' title='bbox 1514 1533 1737 1600; x_wconf 90' lang='lat' dir='ltr'><strong>viresque</strong></span> <span class='ocrx_word' id='word_1_148' title='bbox 1758 1529 1903 1582; x_wconf 86' lang='lat' dir='ltr'><strong>ineffe</strong></span> <span class='ocrx_word' id='word_1_149' title='bbox 1926 1528 2122 1584; x_wconf 88' lang='lat' dir='ltr'><strong>callich-</strong></span> 
     </span>
     <span class='ocr_line' id='line_1_17' title="bbox 242 1601 2124 1683; baseline -0.005 -16"><span class='ocrx_word' id='word_1_150' title='bbox 242 1614 369 1682; x_wconf 82' lang='lat' dir='ltr'><strong>thyi,</strong></span> <span class='ocrx_word' id='word_1_151' title='bbox 404 1616 596 1680; x_wconf 86' lang='lat' dir='ltr'><strong>orcynis</strong></span> <span class='ocrx_word' id='word_1_152' title='bbox 621 1610 917 1683; x_wconf 85' lang='lat' dir='ltr'><strong>reliquisque</strong></span> <span class='ocrx_word' id='word_1_153' title='bbox 941 1609 1147 1660; x_wconf 89' lang='lat' dir='ltr'><strong>cetaceis</strong></span> <span class='ocrx_word' id='word_1_154' title='bbox 1167 1602 1376 1674; x_wconf 87' lang='lat' dir='ltr'><strong>piscibus</strong></span> <span class='ocrx_word' id='word_1_155' title='bbox 1401 1604 1654 1673; x_wconf 77' lang='lat' dir='ltr'><strong>postremo</strong></span> <span class='ocrx_word' id='word_1_156' title='bbox 1677 1603 1809 1656; x_wconf 86' lang='lat' dir='ltr'><strong>addit</strong></span> <span class='ocrx_word' id='word_1_157' title='bbox 1829 1601 2124 1675; x_wconf 71' lang='lat' dir='ltr'><strong>Oppianus,</strong></span> 
     </span>
     <span class='ocr_line' id='line_1_18' title="bbox 242 1678 2121 1751; baseline -0.005 -10"><span class='ocrx_word' id='word_1_158' title='bbox 242 1689 391 1742; x_wconf 87' lang='lat' dir='ltr'><strong>Vides</strong></span> <span class='ocrx_word' id='word_1_159' title='bbox 438 1688 565 1741; x_wconf 88' lang='lat' dir='ltr'><strong>hanc</strong></span> <span class='ocrx_word' id='word_1_160' title='bbox 613 1688 942 1738; x_wconf 84' lang='lat' dir='ltr'><strong>narrationem</strong></span> <span class='ocrx_word' id='word_1_161' title='bbox 981 1678 1224 1751; x_wconf 89' lang='lat' dir='ltr'><strong>praeclare</strong></span> <span class='ocrx_word' id='word_1_162' title='bbox 1272 1682 1542 1732; x_wconf 88' lang='lat' dir='ltr'><strong>convenire</strong></span> <span class='ocrx_word' id='word_1_163' title='bbox 1577 1697 1693 1730; x_wconf 90' lang='lat' dir='ltr'><strong>cum</strong></span> <span class='ocrx_word' id='word_1_164' title='bbox 1733 1695 1814 1741; x_wconf 79' lang='lat' dir='ltr'><strong>ea,</strong></span> <span class='ocrx_word' id='word_1_165' title='bbox 1877 1696 2027 1750; x_wconf 88' lang='lat' dir='ltr'><strong>quam</strong></span> <span class='ocrx_word' id='word_1_166' title='bbox 2058 1696 2121 1731; x_wconf 83' lang='lat' dir='ltr'><strong>ex</strong></span> 
     </span>
     <span class='ocr_line' id='line_1_19' title="bbox 243 1750 2122 1826; baseline -0.007 -9"><span class='ocrx_word' id='word_1_167' title='bbox 243 1759 436 1817; x_wconf 79' lang='lat' dir='ltr'><strong>Ovidio</strong></span> <span class='ocrx_word' id='word_1_168' title='bbox 472 1760 633 1814; x_wconf 85' lang='lat' dir='ltr'><strong>retulit</strong></span> <span class='ocrx_word' id='word_1_169' title='bbox 662 1755 885 1813; x_wconf 66' lang='lat' dir='ltr'><strong>Plinius.</strong></span> <span class='ocrx_word' id='word_1_170' title='bbox 989 1761 1063 1807; x_wconf 85' lang='lat' dir='ltr'><strong>Ex</strong></span> <span class='ocrx_word' id='word_1_171' title='bbox 1096 1750 1343 1826; x_wconf 74' lang='lat' dir='ltr'><strong>Oppiawo</strong></span> <span class='ocrx_word' id='word_1_172' title='bbox 1374 1751 1698 1821; x_wconf 84' lang='lat' dir='ltr'><strong>particulatim</strong></span> <span class='ocrx_word' id='word_1_173' title='bbox 1731 1756 1922 1823; x_wconf 89' lang='lat' dir='ltr'><strong>repetiit</strong></span> <span class='ocrx_word' id='word_1_174' title='bbox 1952 1763 2122 1822; x_wconf 84' lang='lat' dir='ltr'><strong>captu-</strong></span> 
     </span>
     <span class='ocr_line' id='line_1_20' title="bbox 243 1822 2122 1895; baseline -0.005 -5"><span class='ocrx_word' id='word_1_175' title='bbox 243 1855 351 1891; x_wconf 86' lang='lat' dir='ltr'><strong>ram</strong></span> <span class='ocrx_word' id='word_1_176' title='bbox 391 1835 665 1889; x_wconf 89' lang='lat' dir='ltr'><strong>anthiarum</strong></span> <span class='ocrx_word' id='word_1_177' title='bbox 696 1827 947 1887; x_wconf 69' lang='lat' dir='ltr'><strong>Aelianus</strong></span> <span class='ocrx_word' id='word_1_178' title='bbox 979 1834 1011 1882; x_wconf 93' lang='lat' dir='ltr'><strong>I.</strong></span> <span class='ocrx_word' id='word_1_179' title='bbox 1041 1849 1089 1894; x_wconf 79' lang='lat'><strong>4.</strong></span> <span class='ocrx_word' id='word_1_180' title='bbox 1148 1846 1211 1880; x_wconf 82' lang='lat' dir='ltr'><strong>ex</strong></span> <span class='ocrx_word' id='word_1_181' title='bbox 1243 1822 1515 1895; x_wconf 75' lang='lat' dir='ltr'><strong>Aristotele</strong></span> <span class='ocrx_word' id='word_1_182' title='bbox 1536 1831 1652 1879; x_wconf 93' lang='lat' dir='ltr'><strong>VIII.</strong></span> <span class='ocrx_word' id='word_1_183' title='bbox 1679 1839 1762 1884; x_wconf 84' lang='lat'><strong>28.</strong></span> <span class='ocrx_word' id='word_1_184' title='bbox 1792 1831 2122 1881; x_wconf 86' lang='lat' dir='ltr'><strong>narrationem</strong></span> 
     </span>
     <span class='ocr_line' id='line_1_21' title="bbox 245 1899 2124 1973; baseline -0.006 -10"><span class='ocrx_word' id='word_1_185' title='bbox 245 1910 354 1963; x_wconf 88' lang='lat' dir='ltr'><strong>libri</strong></span> <span class='ocrx_word' id='word_1_186' title='bbox 376 1912 495 1964; x_wconf 92' lang='lat' dir='ltr'><strong>Hist.</strong></span> <span class='ocrx_word' id='word_1_187' title='bbox 517 1911 689 1962; x_wconf 82' lang='lat' dir='ltr'><strong>Anim.</strong></span> <span class='ocrx_word' id='word_1_188' title='bbox 709 1911 797 1958; x_wconf 84' lang='grc' dir='ltr'><strong>ΙΧ.·</strong></span> <span class='ocrx_word' id='word_1_189' title='bbox 822 1924 901 1967; x_wconf 82' lang='lat'><strong>37.</strong></span> <span class='ocrx_word' id='word_1_190' title='bbox 977 1902 1144 1956; x_wconf 80' lang='lat' dir='ltr'><strong>Aliam</strong></span> <span class='ocrx_word' id='word_1_191' title='bbox 1166 1915 1417 1971; x_wconf 88' lang='lat' dir='ltr'><strong>capturam</strong></span> <span class='ocrx_word' id='word_1_192' title='bbox 1438 1901 1602 1973; x_wconf 90' lang='lat' dir='ltr'><strong>nescio</strong></span> <span class='ocrx_word' id='word_1_193' title='bbox 1624 1901 1756 1953; x_wconf 90' lang='lat' dir='ltr'><strong>unde</strong></span> <span class='ocrx_word' id='word_1_194' title='bbox 1783 1899 1993 1954; x_wconf 87' lang='lat' dir='ltr'><strong>breviter</strong></span> <span class='ocrx_word' id='word_1_195' title='bbox 2015 1919 2124 1953; x_wconf 89' lang='lat' dir='ltr'><strong>nar-</strong></span> 
     </span>
     <span class='ocr_line' id='line_1_22' title="bbox 247 1974 2122 2051; baseline -0.006 -13"><span class='ocrx_word' id='word_1_196' title='bbox 247 1998 319 2038; x_wconf 87' lang='lat' dir='ltr'><strong>rat</strong></span> <span class='ocrx_word' id='word_1_197' title='bbox 337 1989 436 2036; x_wconf 87' lang='lat' dir='ltr'><strong>XII.</strong></span> <span class='ocrx_word' id='word_1_198' title='bbox 461 2003 545 2046; x_wconf 86' lang='lat'><strong>47.</strong></span> <span class='ocrx_word' id='word_1_199' title='bbox 618 1985 846 2051; x_wconf 89' lang='lat' dir='ltr'><strong>Denique</strong></span> <span class='ocrx_word' id='word_1_200' title='bbox 868 1978 1067 2047; x_wconf 85' lang='lat' dir='ltr'><strong>copiose</strong></span> <span class='ocrx_word' id='word_1_201' title='bbox 1086 1990 1244 2029; x_wconf 86' lang='lat' dir='ltr'><strong>narrat</strong></span> <span class='ocrx_word' id='word_1_202' title='bbox 1263 1979 1383 2026; x_wconf 89' lang='lat' dir='ltr'><strong>XIII.</strong></span> <span class='ocrx_word' id='word_1_203' title='bbox 1414 1993 1490 2038; x_wconf 83' lang='lat'><strong>17.</strong></span> <span class='ocrx_word' id='word_1_204' title='bbox 1546 1989 1798 2044; x_wconf 90' lang='lat' dir='ltr'><strong>capturam</strong></span> <span class='ocrx_word' id='word_1_205' title='bbox 1820 1975 2041 2044; x_wconf 91' lang='lat' dir='ltr'><strong>aulopiae</strong></span> <span class='ocrx_word' id='word_1_206' title='bbox 2060 1974 2122 2026; x_wconf 89' lang='lat' dir='ltr'><strong>ad</strong></span> 
     </span>
     <span class='ocr_line' id='line_1_23' title="bbox 250 2049 2122 2123; baseline -0.005 -12"><span class='ocrx_word' id='word_1_207' title='bbox 250 2057 422 2111; x_wconf 84' lang='lat' dir='ltr'><strong>insulas</strong></span> <span class='ocrx_word' id='word_1_208' title='bbox 451 2056 779 2123; x_wconf 79' lang='lat' dir='ltr'><strong>Tyrrhenicas</strong></span> <span class='ocrx_word' id='word_1_209' title='bbox 801 2055 907 2106; x_wconf 86' lang='lat' dir='ltr'><strong>fieri</strong></span> <span class='ocrx_word' id='word_1_210' title='bbox 931 2052 1145 2111; x_wconf 67' lang='lat' dir='ltr'><strong>Iblitam,</strong></span> <span class='ocrx_word' id='word_1_211' title='bbox 1178 2049 1308 2102; x_wconf 88' lang='lat' dir='ltr'><strong>unde</strong></span> <span class='ocrx_word' id='word_1_212' title='bbox 1328 2053 1585 2118; x_wconf 83' lang='lat' dir='ltr'><strong>praecipua</strong></span> <span class='ocrx_word' id='word_1_213' title='bbox 1607 2053 1758 2118; x_wconf 84' lang='lat' dir='ltr'><strong>capita</strong></span> <span class='ocrx_word' id='word_1_214' title='bbox 1780 2064 2007 2119; x_wconf 77' lang='lat' dir='ltr'><strong>excerpta</strong></span> <span class='ocrx_word' id='word_1_215' title='bbox 2029 2063 2122 2101; x_wconf 80' lang='lat' dir='ltr'><strong>tra·-</strong></span> 
     </span>
     <span class='ocr_line' id='line_1_24' title="bbox 249 2122 2121 2199; baseline -0.005 -15"><span class='ocrx_word' id='word_1_216' title='bbox 249 2133 378 2186; x_wconf 90' lang='lat' dir='ltr'><strong>dam.</strong></span> <span class='ocrx_word' id='word_1_217' title='bbox 457 2129 750 2199; x_wconf 85' lang='lat' dir='ltr'><strong>Magnitudo</strong></span> <span class='ocrx_word' id='word_1_218' title='bbox 771 2131 936 2180; x_wconf 87' lang='lat' dir='ltr'><strong>minor</strong></span> <span class='ocrx_word' id='word_1_219' title='bbox 957 2128 1023 2178; x_wconf 89' lang='lat' dir='ltr'><strong>est</strong></span> <span class='ocrx_word' id='word_1_220' title='bbox 1045 2142 1191 2195; x_wconf 81' lang='lat' dir='ltr'><strong>quam</strong></span> <span class='ocrx_word' id='word_1_221' title='bbox 1216 2128 1550 2175; x_wconf 79' lang='lat' dir='ltr'><strong>maximorum</strong></span> <span class='ocrx_word' id='word_1_222' title='bbox 1573 2122 1873 2189; x_wconf 83' lang='lat' dir='ltr'><strong>thynnorum</strong></span> <span class='ocrx_word' id='word_1_223' title='bbox 1897 2124 1975 2176; x_wconf 89' lang='lat' dir='ltr'><strong>sed</strong></span> <span class='ocrx_word' id='word_1_224' title='bbox 1995 2127 2121 2177; x_wconf 85' lang='lat' dir='ltr'><strong>vires</strong></span> 
     </span>
     <span class='ocr_line' id='line_1_25' title="bbox 249 2195 2121 2270; baseline -0.005 -11"><span class='ocrx_word' id='word_1_225' title='bbox 249 2220 298 2259; x_wconf 86' lang='lat' dir='ltr'><strong>et</strong></span> <span class='ocrx_word' id='word_1_226' title='bbox 328 2205 479 2259; x_wconf 87' lang='lat' dir='ltr'><strong>robur</strong></span> <span class='ocrx_word' id='word_1_227' title='bbox 513 2208 683 2265; x_wconf 83' lang='lat' dir='ltr'><strong>maius.</strong></span> <span class='ocrx_word' id='word_1_228' title='bbox 777 2203 961 2270; x_wconf 80' lang='lat' dir='ltr'><strong>Captus</strong></span> <span class='ocrx_word' id='word_1_229' title='bbox 991 2203 1125 2251; x_wconf 84' lang='lat' dir='ltr'><strong>enim</strong></span> <span class='ocrx_word' id='word_1_230' title='bbox 1155 2199 1311 2250; x_wconf 82' lang='lat' dir='ltr'><strong>rostro</strong></span> <span class='ocrx_word' id='word_1_231' title='bbox 1342 2196 1568 2249; x_wconf 82' lang='lat' dir='ltr'><strong>deorsum</strong></span> <span class='ocrx_word' id='word_1_232' title='bbox 1599 2195 1830 2250; x_wconf 86' lang='lat' dir='ltr'><strong>inclinato</strong></span> <span class='ocrx_word' id='word_1_233' title='bbox 1864 2197 1924 2249; x_wconf 85' lang='lat' dir='ltr'><strong>ad</strong></span> <span class='ocrx_word' id='word_1_234' title='bbox 1961 2201 2121 2250; x_wconf 85' lang='lat' dir='ltr'><strong>imum</strong></span> 
     </span>
     <span class='ocr_line' id='line_1_26' title="bbox 249 2271 2122 2350; baseline -0.006 -16"><span class='ocrx_word' id='word_1_235' title='bbox 249 2281 438 2350; x_wconf 84' lang='lat' dir='ltr'><strong>semper</strong></span> <span class='ocrx_word' id='word_1_236' title='bbox 458 2279 612 2332; x_wconf 87' lang='lat' dir='ltr'><strong>tendit</strong></span> <span class='ocrx_word' id='word_1_237' title='bbox 640 2290 688 2330; x_wconf 93' lang='lat' dir='ltr'><strong>et</strong></span> <span class='ocrx_word' id='word_1_238' title='bbox 712 2274 872 2328; x_wconf 88' lang='lat' dir='ltr'><strong>refistit</strong></span> <span class='ocrx_word' id='word_1_239' title='bbox 892 2273 1156 2326; x_wconf 82' lang='lat' dir='ltr'><strong>obstinatus</strong></span> <span class='ocrx_word' id='word_1_240' title='bbox 1171 2308 1185 2333; x_wconf 83' lang='lat'>‚</span> <span class='ocrx_word' id='word_1_241' title='bbox 1231 2271 1290 2323; x_wconf 89' lang='lat' dir='ltr'><strong>ad</strong></span> <span class='ocrx_word' id='word_1_242' title='bbox 1312 2288 1460 2340; x_wconf 88' lang='lat' dir='ltr'><strong>quam</strong></span> <span class='ocrx_word' id='word_1_243' title='bbox 1483 2290 1588 2324; x_wconf 90' lang='lat' dir='ltr'><strong>rem</strong></span> <span class='ocrx_word' id='word_1_244' title='bbox 1613 2272 1821 2325; x_wconf 87' lang='lat' dir='ltr'><strong>rostrum</strong></span> <span class='ocrx_word' id='word_1_245' title='bbox 1846 2272 1926 2324; x_wconf 89' lang='lat' dir='ltr'><strong>seu</strong></span> <span class='ocrx_word' id='word_1_246' title='bbox 1949 2271 2122 2324; x_wconf 60' lang='lat' dir='ltr'><strong>maxile-</strong></span> 
     </span>
     <span class='ocr_line' id='line_1_27' title="bbox 250 2343 2123 2433; baseline -0.004 -27"><span class='ocrx_word' id='word_1_247' title='bbox 250 2353 346 2406; x_wconf 88' lang='lat' dir='ltr'><strong>lam</strong></span> <span class='ocrx_word' id='word_1_248' title='bbox 382 2355 588 2433; x_wconf 60' lang='grc' dir='ltr'>(γένυν)</span> <span class='ocrx_word' id='word_1_249' title='bbox 619 2366 667 2405; x_wconf 91' lang='lat' dir='ltr'><strong>et</strong></span> <span class='ocrx_word' id='word_1_250' title='bbox 690 2343 1398 2403; x_wconf 58' lang='lat' dir='ltr'><strong>collumtorti1ii111u11111ac⁶tus</strong></span> <span class='ocrx_word' id='word_1_251' title='bbox 1426 2346 1507 2398; x_wconf 83' lang='lat' dir='ltr'><strong>est.</strong></span> <span class='ocrx_word' id='word_1_252' title='bbox 1584 2345 1775 2399; x_wconf 81' lang='lat' dir='ltr'><strong>Oculos</strong></span> <span class='ocrx_word' id='word_1_253' title='bbox 1808 2344 1954 2398; x_wconf 90' lang='lat' dir='ltr'><strong>habet</strong></span> <span class='ocrx_word' id='word_1_254' title='bbox 1986 2364 2123 2416; x_wconf 88' lang='lat' dir='ltr'><strong>aper-</strong></span> 
     </span>
     <span class='ocr_line' id='line_1_28' title="bbox 251 2418 2123 2495; baseline -0.003 -15"><span class='ocrx_word' id='word_1_255' title='bbox 251 2442 329 2482; x_wconf 84' lang='lat' dir='ltr'><strong>tos</strong></span> <span class='ocrx_word' id='word_1_256' title='bbox 349 2446 585 2495; x_wconf 80' lang='lat' dir='ltr'><strong>magnos,</strong></span> <span class='ocrx_word' id='word_1_257' title='bbox 630 2423 899 2484; x_wconf 77' lang='lat' dir='ltr'><strong>rotundos,</strong></span> <span class='ocrx_word' id='word_1_258' title='bbox 948 2419 1251 2474; x_wconf 83' lang='lat' dir='ltr'><strong>bubulorum</strong></span> <span class='ocrx_word' id='word_1_259' title='bbox 1276 2420 1442 2478; x_wconf 59' lang='lat' dir='ltr'><strong>iustam</strong></span> <span class='ocrx_word' id='word_1_260' title='bbox 1488 2418 1688 2472; x_wconf 89' lang='lat' dir='ltr'><strong>dorsum</strong></span> <span class='ocrx_word' id='word_1_261' title='bbox 1706 2418 1875 2474; x_wconf 84' lang='lat' dir='ltr'><strong>colore</strong></span> <span class='ocrx_word' id='word_1_262' title='bbox 1898 2419 2123 2474; x_wconf 88' lang='lat' dir='ltr'><strong>caeruleo</strong></span> 
     </span>
     <span class='ocr_line' id='line_1_29' title="bbox 251 2492 2125 2564; baseline -0.006 -9"><span class='ocrx_word' id='word_1_263' title='bbox 251 2503 513 2555; x_wconf 85' lang='lat' dir='ltr'><strong>saturatum</strong></span> <span class='ocrx_word' id='word_1_264' title='bbox 535 2502 625 2562; x_wconf 85' lang='lat' dir='ltr'><strong>est,</strong></span> <span class='ocrx_word' id='word_1_265' title='bbox 666 2498 800 2552; x_wconf 86' lang='lat' dir='ltr'><strong>alvus</strong></span> <span class='ocrx_word' id='word_1_266' title='bbox 823 2496 1051 2555; x_wconf 54' lang='lat' dir='ltr'><strong>candidam</strong></span> <span class='ocrx_word' id='word_1_267' title='bbox 1092 2514 1117 2547; x_wconf 87' lang='lat' dir='ltr'><strong>a</strong></span> <span class='ocrx_word' id='word_1_268' title='bbox 1141 2498 1296 2563; x_wconf 80' lang='lat' dir='ltr'><strong>capite</strong></span> <span class='ocrx_word' id='word_1_269' title='bbox 1318 2492 1615 2546; x_wconf 87' lang='lat' dir='ltr'><strong>descendens</strong></span> <span class='ocrx_word' id='word_1_270' title='bbox 1629 2493 1758 2547; x_wconf 52' lang='lat' dir='ltr'><strong>*linea</strong></span> <span class='ocrx_word' id='word_1_271' title='bbox 1782 2514 1902 2548; x_wconf 90' lang='lat' dir='ltr'><strong>auro</strong></span> <span class='ocrx_word' id='word_1_272' title='bbox 1918 2494 2125 2564; x_wconf 64' lang='lat' dir='ltr'><strong>resplen-</strong></span> 
     </span>
     <span class='ocr_line' id='line_1_30' title="bbox 255 2566 2124 2636; baseline -0.005 -7"><span class='ocrx_word' id='word_1_273' title='bbox 255 2576 338 2629; x_wconf 88' lang='lat' dir='ltr'><strong>det</strong></span> <span class='ocrx_word' id='word_1_274' title='bbox 362 2591 409 2629; x_wconf 90' lang='lat' dir='ltr'><strong>et</strong></span> <span class='ocrx_word' id='word_1_275' title='bbox 428 2576 589 2628; x_wconf 88' lang='lat' dir='ltr'><strong>versus</strong></span> <span class='ocrx_word' id='word_1_276' title='bbox 614 2572 822 2626; x_wconf 86' lang='lat' dir='ltr'><strong>caudam</strong></span> <span class='ocrx_word' id='word_1_277' title='bbox 844 2574 893 2624; x_wconf 91' lang='lat' dir='ltr'><strong>in</strong></span> <span class='ocrx_word' id='word_1_278' title='bbox 922 2568 1161 2622; x_wconf 85' lang='lat' dir='ltr'><strong>circulum</strong></span> <span class='ocrx_word' id='word_1_279' title='bbox 1181 2566 1375 2627; x_wconf 79' lang='lat' dir='ltr'><strong>definit3</strong></span> <span class='ocrx_word' id='word_1_280' title='bbox 1439 2567 1617 2620; x_wconf 87' lang='lat' dir='ltr'><strong>deinde</strong></span> <span class='ocrx_word' id='word_1_281' title='bbox 1649 2566 1886 2622; x_wconf 70' lang='lat' dir='ltr'><strong>Aelianus</strong></span> <span class='ocrx_word' id='word_1_282' title='bbox 1910 2570 2124 2636; x_wconf 79' lang='lat' dir='ltr'><strong>eandem</strong></span> 
     </span>
     <span class='ocr_line' id='line_1_31' title="bbox 255 2639 2125 2719; baseline -0.004 -17"><span class='ocrx_word' id='word_1_283' title='bbox 255 2650 531 2704; x_wconf 85' lang='lat' dir='ltr'><strong>anthiarum</strong></span> <span class='ocrx_word' id='word_1_284' title='bbox 551 2662 801 2719; x_wconf 85' lang='lat' dir='ltr'><strong>capturam</strong></span> <span class='ocrx_word' id='word_1_285' title='bbox 821 2644 1028 2714; x_wconf 89' lang='lat' dir='ltr'><strong>breviter</strong></span> <span class='ocrx_word' id='word_1_286' title='bbox 1059 2656 1240 2704; x_wconf 81' lang='lat' dir='ltr'><strong>narrat,</strong></span> <span class='ocrx_word' id='word_1_287' title='bbox 1286 2658 1433 2712; x_wconf 88' lang='lat' dir='ltr'><strong>quam</strong></span> <span class='ocrx_word' id='word_1_288' title='bbox 1462 2641 1596 2711; x_wconf 85' lang='lat' dir='ltr'><strong>supra</strong></span> <span class='ocrx_word' id='word_1_289' title='bbox 1630 2661 1692 2695; x_wconf 81' lang='lat' dir='ltr'><strong>ex</strong></span> <span class='ocrx_word' id='word_1_290' title='bbox 1724 2639 1901 2696; x_wconf 69' lang='lat' dir='ltr'><strong>Plinio</strong></span> <span class='ocrx_word' id='word_1_291' title='bbox 1934 2658 1982 2695; x_wconf 93' lang='lat' dir='ltr'><strong>et</strong></span> <span class='ocrx_word' id='word_1_292' title='bbox 2009 2641 2125 2714; x_wconf 72' lang='lat' dir='ltr'><strong>Op·-</strong></span> 
     </span>
     <span class='ocr_line' id='line_1_32' title="bbox 245 2714 2127 2796; baseline -0.005 -18"><span class='ocrx_word' id='word_1_293' title='bbox 245 2722 412 2796; x_wconf 74' lang='lat' dir='ltr'><strong>pz&#39;cmo</strong></span> <span class='ocrx_word' id='word_1_294' title='bbox 431 2725 583 2795; x_wconf 90' lang='lat' dir='ltr'><strong>posui.</strong></span> <span class='ocrx_word' id='word_1_295' title='bbox 657 2727 824 2792; x_wconf 86' lang='lat' dir='ltr'><strong>Itaque</strong></span> <span class='ocrx_word' id='word_1_296' title='bbox 834 2714 1079 2772; x_wconf 70' lang='lat' dir='ltr'><strong>Aelianus</strong></span> <span class='ocrx_word' id='word_1_297' title='bbox 1098 2736 1159 2770; x_wconf 80' lang='lat' dir='ltr'><strong>ex</strong></span> <span class='ocrx_word' id='word_1_298' title='bbox 1185 2715 1364 2770; x_wconf 89' lang='lat' dir='ltr'><strong>eodem</strong></span> <span class='ocrx_word' id='word_1_299' title='bbox 1382 2733 1498 2767; x_wconf 89' lang='lat' dir='ltr'><strong>cum</strong></span> <span class='ocrx_word' id='word_1_300' title='bbox 1517 2714 1763 2787; x_wconf 68' lang='lat' dir='ltr'><strong>Oppiam</strong></span> <span class='ocrx_word' id='word_1_301' title='bbox 1776 2714 1912 2770; x_wconf 89' lang='lat' dir='ltr'><strong>fonte</strong></span> <span class='ocrx_word' id='word_1_302' title='bbox 1930 2716 2127 2771; x_wconf 76' lang='lat' dir='ltr'><strong>hausisse</strong></span> 
     </span>
     <span class='ocr_line' id='line_1_33' title="bbox 256 2790 2126 2862; baseline -0.004 -12"><span class='ocrx_word' id='word_1_303' title='bbox 256 2797 474 2861; x_wconf 86' lang='lat' dir='ltr'><strong>videtur,</strong></span> <span class='ocrx_word' id='word_1_304' title='bbox 512 2798 593 2850; x_wconf 88' lang='lat' dir='ltr'><strong>sed</strong></span> <span class='ocrx_word' id='word_1_305' title='bbox 622 2799 931 2850; x_wconf 84' lang='lat' dir='ltr'><strong>notationem</strong></span> <span class='ocrx_word' id='word_1_306' title='bbox 959 2792 1097 2862; x_wconf 88' lang='lat' dir='ltr'><strong>piscis</strong></span> <span class='ocrx_word' id='word_1_307' title='bbox 1127 2792 1484 2844; x_wconf 86' lang='lat' dir='ltr'><strong>accuratiorem</strong></span> <span class='ocrx_word' id='word_1_308' title='bbox 1521 2791 1636 2843; x_wconf 85' lang='lat' dir='ltr'><strong>inde</strong></span> <span class='ocrx_word' id='word_1_309' title='bbox 1669 2790 1936 2861; x_wconf 82' lang='lat' dir='ltr'><strong>depromsit</strong></span> <span class='ocrx_word' id='word_1_310' title='bbox 1976 2809 2126 2862; x_wconf 86' lang='lat' dir='ltr'><strong>quam</strong></span> 
     </span>
     <span class='ocr_line' id='line_1_34' title="bbox 256 2864 2126 2942; baseline -0.004 -17"><span class='ocrx_word' id='word_1_311' title='bbox 256 2869 559 2942; x_wconf 69' lang='lat' dir='ltr'><strong>Oppianus,</strong></span> <span class='ocrx_word' id='word_1_312' title='bbox 598 2870 682 2924; x_wconf 82' lang='lat' dir='ltr'><strong>nisi</strong></span> <span class='ocrx_word' id='word_1_313' title='bbox 701 2868 838 2941; x_wconf 88' lang='lat' dir='ltr'><strong>quod</strong></span> <span class='ocrx_word' id='word_1_314' title='bbox 861 2865 1027 2919; x_wconf 90' lang='lat' dir='ltr'><strong>circuli</strong></span> <span class='ocrx_word' id='word_1_315' title='bbox 1045 2864 1359 2936; x_wconf 80' lang='lat' dir='ltr'><strong>superciliaris</strong></span> <span class='ocrx_word' id='word_1_316' title='bbox 1382 2882 1484 2917; x_wconf 92' lang='lat' dir='ltr'><strong>non</strong></span> <span class='ocrx_word' id='word_1_317' title='bbox 1510 2868 1765 2927; x_wconf 83' lang='lat' dir='ltr'><strong>meminit,</strong></span> <span class='ocrx_word' id='word_1_318' title='bbox 1804 2865 1928 2919; x_wconf 87' lang='lat' dir='ltr'><strong>adeo</strong></span> <span class='ocrx_word' id='word_1_319' title='bbox 1958 2879 2011 2917; x_wconf 85' lang='lat' dir='ltr'><strong>ut</strong></span> <span class='ocrx_word' id='word_1_320' title='bbox 2035 2864 2126 2918; x_wconf 91' lang='lat' dir='ltr'><strong>ob·-</strong></span> 
     </span>
     <span class='ocr_line' id='line_1_35' title="bbox 253 2933 2130 3017; baseline -0.004 -19"><span class='ocrx_word' id='word_1_321' title='bbox 253 2946 388 2998; x_wconf 86' lang='lat' dir='ltr'><strong>scura</strong></span> <span class='ocrx_word' id='word_1_322' title='bbox 415 2943 649 3017; x_wconf 70' lang='lat' dir='ltr'><strong>Oppiani</strong></span> <span class='ocrx_word' id='word_1_323' title='bbox 666 2943 809 2997; x_wconf 86' lang='lat' dir='ltr'><strong>verba</strong></span> <span class='ocrx_word' id='word_1_324' title='bbox 836 2942 897 2994; x_wconf 91' lang='lat' dir='ltr'><strong>de</strong></span> <span class='ocrx_word' id='word_1_325' title='bbox 922 2959 985 2994; x_wconf 92' lang='lat' dir='ltr'><strong>eo</strong></span> <span class='ocrx_word' id='word_1_326' title='bbox 1003 2938 1267 2992; x_wconf 89' lang='lat' dir='ltr'><strong>dilucidare</strong></span> <span class='ocrx_word' id='word_1_327' title='bbox 1292 2957 1353 2990; x_wconf 81' lang='lat' dir='ltr'><strong>ex</strong></span> <span class='ocrx_word' id='word_1_328' title='bbox 1369 2933 1583 2991; x_wconf 72' lang='lat' dir='ltr'><strong>Aeliano</strong></span> <span class='ocrx_word' id='word_1_329' title='bbox 1603 2959 1705 2992; x_wconf 91' lang='lat' dir='ltr'><strong>non</strong></span> <span class='ocrx_word' id='word_1_330' title='bbox 1725 2938 1876 2991; x_wconf 87' lang='lat' dir='ltr'><strong>liceat.</strong></span> <span class='ocrx_word' id='word_1_331' title='bbox 1947 2943 2130 2991; x_wconf 84' lang='lat' dir='ltr'><strong>Secun-</strong></span> 
     </span>
     <span class='ocr_line' id='line_1_36' title="bbox 255 3010 2130 3087; baseline -0.003 -17"><span class='ocrx_word' id='word_1_332' title='bbox 255 3020 378 3071; x_wconf 90' lang='lat' dir='ltr'><strong>dum</strong></span> <span class='ocrx_word' id='word_1_333' title='bbox 404 3020 753 3087; x_wconf 80' lang='lat' dir='ltr'><strong>etymologiam</strong></span> <span class='ocrx_word' id='word_1_334' title='bbox 777 3015 992 3086; x_wconf 87' lang='lat' dir='ltr'><strong>aulopias</strong></span> <span class='ocrx_word' id='word_1_335' title='bbox 1013 3014 1078 3066; x_wconf 85' lang='lat' dir='ltr'><strong>est</strong></span> <span class='ocrx_word' id='word_1_336' title='bbox 1096 3014 1232 3084; x_wconf 84' lang='lat' dir='ltr'><strong>piscis</strong></span> <span class='ocrx_word' id='word_1_337' title='bbox 1250 3010 1544 3066; x_wconf 82' lang='lat' dir='ltr'><strong>exstantibus</strong></span> <span class='ocrx_word' id='word_1_338' title='bbox 1566 3026 1613 3065; x_wconf 89' lang='lat' dir='ltr'><strong>et</strong></span> <span class='ocrx_word' id='word_1_339' title='bbox 1634 3012 1762 3084; x_wconf 89' lang='lat' dir='ltr'><strong>quafi</strong></span> <span class='ocrx_word' id='word_1_340' title='bbox 1783 3011 1954 3066; x_wconf 89' lang='lat' dir='ltr'><strong>tubulo</strong></span> <span class='ocrx_word' id='word_1_341' title='bbox 1974 3012 2130 3065; x_wconf 90' lang='lat' dir='ltr'><strong>inclu-</strong></span> 
     </span>
     <span class='ocr_line' id='line_1_37' title="bbox 248 3085 2132 3170; baseline -0.005 -20"><span class='ocrx_word' id='word_1_342' title='bbox 248 3092 312 3150; x_wconf 76' lang='lat' dir='ltr'><strong>-fis</strong></span> <span class='ocrx_word' id='word_1_343' title='bbox 353 3093 534 3158; x_wconf 81' lang='lat' dir='ltr'><strong>oculiS,</strong></span> <span class='ocrx_word' id='word_1_344' title='bbox 580 3092 777 3170; x_wconf 87' lang='lat' dir='ltr'><strong>qualem</strong></span> <span class='ocrx_word' id='word_1_345' title='bbox 813 3088 1034 3145; x_wconf 87' lang='lat' dir='ltr'><strong>videlicet</strong></span> <span class='ocrx_word' id='word_1_346' title='bbox 1065 3092 1258 3142; x_wconf 87' lang='lat' dir='ltr'><strong>narium</strong></span> <span class='ocrx_word' id='word_1_347' title='bbox 1296 3085 1510 3139; x_wconf 82' lang='lat' dir='ltr'><strong>formam</strong></span> <span class='ocrx_word' id='word_1_348' title='bbox 1539 3090 1590 3141; x_wconf 89' lang='lat' dir='ltr'><strong>in</strong></span> <span class='ocrx_word' id='word_1_349' title='bbox 1628 3085 1924 3161; x_wconf 80' lang='lat' dir='ltr'><strong>quibusdam</strong></span> <span class='ocrx_word' id='word_1_350' title='bbox 1964 3091 2132 3141; x_wconf 86' lang='lat' dir='ltr'><strong>avium</strong></span> 
     </span>
    </p>

    <p class='ocr_par' dir='ltr' id='par_1_2' title="bbox 1318 3164 2134 3234">
     <span class='ocr_line' id='line_1_38' title="bbox 1318 3164 2134 3234; baseline -0.009 -12"><span class='ocrx_word' id='word_1_351' title='bbox 1318 3164 1360 3214; x_wconf 88' lang='lat' dir='ltr'>L</span> <span class='ocrx_word' id='word_1_352' title='bbox 1388 3177 1416 3212; x_wconf 87' lang='lat'>2</span> <span class='ocrx_word' id='word_1_353' title='bbox 1983 3179 2134 3234; x_wconf 82' lang='lat' dir='ltr'><strong>gene-</strong></span> 
     </span>
    </p>
   </div>
  </div>
 </body>
</html>
