2571 3775
1022 334 1316 373 ΕΞ
2006 346 2028 381 ¹
2037 347 2071 396 9
2083 348 2107 394 3

209 469 396 516 coeunt
415 455 634 530 partibus
664 453 845 524 supinis
869 454 1085 506 invicem
1105 445 1358 520 appofitiS,
1397 450 1896 527 (παραπίπτοντες)
1928 458 2108 532 quibus

207 535 365 589 cauda
391 532 752 602 impedimento
773 546 875 581 non
902 527 984 580 est.
1062 524 1156 577 Sed
1175 524 1325 594 pisces
1348 524 1509 579 multo
1539 525 1744 581 celerius
1764 530 2108 600 disjunguntur

206 627 360 682 quam
383 605 628 675 delphini3
662 605 827 673 itaque
853 605 936 672 qui
975 599 1100 654 haec
1123 616 1378 670 nunquam
1405 599 1652 663 viderant,
1692 617 1862 657 contra
1892 624 2013 661 vero
2037 610 2109 661 se-

205 701 324 737 men
355 697 449 732 una
476 697 595 731 cum
625 680 734 730 ovis
769 675 999 743 deglutiri
1035 693 1061 727 a
1092 672 1302 744 piscibus
1333 673 1802 741 animadverterant,
1842 680 2105 749 piscatores

206 755 485 811 inciderunt
513 756 564 805 in
597 749 855 818 vulgarem
886 767 1097 821 eamque
1127 746 1473 818 perabsurdam
1505 753 1776 815 rationem,
1824 771 1975 824 quam
2003 760 2113 809 Hem

206 829 412 885 rodotus
446 830 599 881 etiam
633 826 873 897 sequitur,
923 822 1056 897 quasi
1094 823 1250 894 pisces
1291 823 1475 877 semine
1507 824 1754 893 deglutito
1793 827 2106 898 impleantur,

206 903 364 972 Qiod
384 904 492 955 fieri
512 900 646 972 posse
670 903 880 954 omnino
909 917 1012 953 non
1039 899 1225 970 potest·
1285 901 1353 950 Ita
1375 901 1509 952 enim
1530 900 1698 954 [emen
1716 899 1848 955 resia
1868 922 1958 972 per
1979 924 2037 959 os
2056 909 2109 961 in

206 976 563 1039 ventriculum,
593 979 766 1028 nonin
785 973 1009 1036 vulvam,
1040 971 1272 1033 ferretur,
1306 970 1477 1043 ibique
1496 977 1547 1026 in
1569 978 1931 1030 nutrimentum
1954 992 2109 1033 trans-

207 1059 300 1106 iret
329 1049 674 1113 concodlione,
716 1067 832 1101 cum
853 1063 1019 1102 tamen
1039 1046 1212 1101 vulvae
1231 1045 1405 1115 plenae
1425 1065 1645 1101 ovorum
1667 1064 1952 1113 cernantur,
1984 1072 2111 1125 quae

207 1127 341 1180 unde
364 1126 544 1198 quaeso
566 1120 852 1177 subierunt?
918 1125 1038 1193 Cap.
1060 1139 1109 1184 7.
1135 1123 1321 1188 Qaeri
1343 1122 1501 1190 potest
1523 1139 1674 1193 quare
1703 1140 1768 1177 ex
1788 1124 2113 1194 cartilagineis

207 1220 303 1256 nec
321 1198 570 1256 foeminae
590 1197 752 1253 foetus
775 1216 869 1251 nec
893 1215 1055 1249 mares
1083 1196 1251 1248 semen
1271 1195 1414 1249 suum
1445 1199 1675 1251 emittere,
1702 1216 1924 1270 unquam
1953 1203 2115 1256 visun-.-

208 1292 315 1339 tur,
355 1294 472 1328 cum
494 1279 544 1328 in
575 1291 758 1343 genere
787 1275 994 1342 oviparo
1025 1285 1073 1324 et
1102 1267 1353 1324 foeminae
1385 1288 1480 1325 ova
1507 1284 1557 1324 et
1579 1290 1740 1326 mares
1769 1274 1937 1328 semen
1966 1277 2116 1333 edere

207 1364 484 1405 cernantur.
541 1348 697 1404 Causa
718 1349 803 1410 est,
833 1347 969 1419 quod
991 1363 1149 1413 genus
1175 1343 1546 1412 cartilagineum
1569 1346 1753 1401 semine
1771 1351 1937 1405 minus
1959 1349 2116 1406 abun,

209 1426 316 1489 dat,
356 1439 405 1478 et
427 1422 680 1477 foeminae
700 1421 868 1476 vulvas
890 1421 952 1475 ad
971 1422 1163 1490 septum
1184 1418 1361 1489 pofitas
1383 1417 1577 1473 habent.
1653 1423 1835 1494 Aeque
1854 1429 1989 1478 enim
2010 1444 2117 1480 ma·-

210 1519 288 1554 res
308 1519 334 1553 a
354 1497 571 1552 maribus
589 1512 639 1551 et
660 1494 908 1551 foeminae
929 1515 956 1550 a
976 1493 1208 1549 foeminis
1230 1493 1478 1547 differunt.
1555 1498 1679 1548 Sunt
1711 1501 1847 1551 enim
1877 1500 2118 1571 cartilagi-

210 1578 291 1628 nei
315 1578 482 1628 minus
502 1570 689 1644 copiosi
710 1575 944 1640 genitura.
1019 1571 1094 1623 At
1112 1586 1233 1623 vero
1258 1587 1363 1622 mas
1384 1571 1574 1640 ovipari
1597 1575 1835 1639 generiS,
1856 1587 1912 1627 ut
1938 1572 2118 1630 foemi-¹

212 1667 273 1704 na
292 1667 388 1702 ova
407 1665 521 1719 prae
541 1646 859 1700 multitudine
878 1645 995 1708 edit,
1025 1643 1089 1698 fic
1108 1644 1208 1714 ipse
1227 1643 1394 1697 semen
1414 1647 1608 1697 emittit.
1683 1644 1799 1701 Plus
1820 1651 1952 1702 enim
1972 1650 2118 1704 semi<

211 1728 288 1778 nis
313 1726 594 1784 continent,
635 1738 787 1793 quam
817 1720 878 1773 ad
905 1723 1097 1774 coitum
1131 1719 1242 1771 {atis
1273 1719 1356 1772 est.
1431 1721 1616 1772 Natura
1642 1723 1779 1774 enim
1805 1740 1870 1777 eo
1898 1721 2118 1779 abutitur

211 1802 369 1867 magis
396 1796 460 1850 ad
488 1814 704 1851 ovorum
739 1794 989 1848 editorum
1013 1796 1389 1846 incrementum
1426 1811 1578 1865 quam
1605 1794 1668 1847 ad
1690 1800 1909 1866 primum
1939 1816 2119 1854 eorum

213 1888 396 1927 ortum.
474 1876 530 1925 In
552 1871 653 1924 fine
674 1869 820 1936 hujus
843 1871 1015 1939 capitis
1043 1863 1301 1920 manifesto
1327 1865 1691 1923 dubitationem
1721 1870 1856 1925 suam
1873 1872 2121 1944 Aristote-

214 1943 285 2003 les
303 1946 473 2018 prodit
494 1945 555 1999 de
575 1943 849 2014 generibus*
869 1942 1105 2015 piscium,
1143 1958 1272 2013 quae
1299 1940 1519 1996 masculo
1543 1944 1660 1997 sexu
1681 1962 1847 2000 carere
1870 1946 2121 2013 dicuntur,

217 2036 268 2076 et
298 2039 426 2094 quae
454 2020 554 2091 ipse
580 2023 631 2073 in
657 2020 872 2073 Historia
900 2019 1269 2079 nominaverat,
1328 2033 1392 2067 ex
1424 2015 1614 2086 vulgari
1648 2019 1832 2073 scilicet
1863 2025 2120 2091 opinione.

220 2095 381 2150 Verba
409 2096 504 2167 ipsa
536 2112 811 2165 apponam,
859 2110 923 2145 ne
956 2091 1138 2144 diutius
1171 2093 1262 2143 viri
1302 2088 1440 2144 doe‘ti
1471 2091 1809 2147 credulitatem
1841 2095 2123 2169 philosophi

222 2185 450 2240 arguant:
491 2165 637 2245 ἅπερ
658 2174 742 2231 ἐςί
758 2193 810 2226 τι
833 2169 1037 2227 τοιὲτον
1059 2166 1213 2246 ’γένος
1234 2163 1334 2223 οἷον
1355 2161 1484 2247 ἅζευ
1507 2161 1727 2245 ἄῤῥενος·
1745 2174 1954 2250 γεγρᾷμ,
1994 2170 2127 2250 εἴρῃ.

220 2270 317 2322 τοι]
348 2243 406 2304 δὲ
433 2241 556 2320 περὶ
593 2243 767 2302 ὀιύτῶν
800 2236 1080 2317 πρότερον,
1131 2235 1208 2297 ὅτι
1241 2233 1363 2298 ἕπευ
1392 2244 1570 2317 ὦπται]
1598 2245 1801 2313 ἱκανῶς.
1848 2248 1876 2298 i.
1898 2264 1940 2298 e.
1969 2247 2003 2302 fi
2033 2247 2126 2302 tale

218 2323 427 2392 piscium
449 2335 604 2387 genus
627 2318 695 2371 est
724 2316 935 2389 uspiam,
965 2312 1104 2387 quod
1126 2311 1224 2368 fine
1244 2312 1360 2364 sexu
1380 2315 1599 2369 masculo
1620 2334 1931 2386 progeneret.
2006 2326 2128 2378 Dixi

224 2399 364 2450 enim.
381 2393 443 2447 de
463 2393 536 2446 his
559 2405 726 2454 antea,
755 2390 984 2444 nondum
1004 2389 1112 2442 satis
1132 2385 1435 2458 exploratam
1454 2387 1582 2443 hanc
1605 2409 1714 2446 rem
1733 2393 1842 2447 effe.
1894 2398 2127 2470 Denique

227 2483 401 2525 contra
431 2470 724 2539 opinionem
756 2464 819 2518 de
849 2466 1056 2536 piscium
1085 2465 1320 2517 omnium
1345 2462 1464 2518 sexu
1492 2461 1748 2522 foemineo
1764 2472 1924 2523 vutitur
1953 2490 2056 2544 cap.
2081 2485 2127 2533 8.

227 2542 465 2614 exemplo
499 2540 886 2604 molluscorum,
940 2542 994 2592 inv
1027 2536 1206 2612 quibus
1247 2537 1388 2599 sexus
1427 2537 1661 2599 discretus
1707 2542 1967 2600 manifesto
2005 2566 2128 2603 con-

211 2621 438 2693 'spicitun

378 2696 527 2747 Nunc
548 2690 655 2745 loca
676 2687 858 2758 fingula
887 2688 949 2742 de
973 2686 1188 2760 partibus
1217 2685 1508 2756 genitalibus
1528 2688 1783 2747 videamus
1804 2695 1869 2746 H.
1887 2695 1951 2748 A.
1982 2699 2058 2749 ΙΙΙ.
2085 2715 2131 2750 1.

225 2761 387 2825 Pisces
409 2765 608 2822 testibus
633 2778 824 2825 carent3
859 2763 941 2816 sed
962 2763 1144 2817 habent
1162 2776 1355 2816 meatus
1375 2761 1503 2817 duos
1524 2781 1550 2817 a
1574 2763 1944 2836 diaphragmate
1970 2784 2130 2840 aptOS,

233 2848 321 2917 qui
342 2847 476 2910 juxta
497 2843 684 2914 spinam
709 2838 952 2894 dorsalem
972 2842 1199 2912 utrinque
1220 2837 1535 2895 decurrentes
1556 2842 1606 2892 in
1628 2858 1785 2895 unum
1806 2843 2021 2916 aliquem
2043 2845 2130 2900 de..

235 2919 397 2973 finunt
426 2918 629 2987 superne
658 2928 878 2969 meatum
896 2952 911 2978 ,
946 2915 1082 2985 supra
1113 2926 1551 2968 excrementorum
1583 2911 1824 2970 foramen.
1901 2922 2132 2989 Superius

222 3012 355 3047 -vero
374 2992 489 3046 dico
504 3029 519 3054 ,
550 2990 689 3064 quod
708 2990 871 3043 versus
900 2989 1087 3060 spinam
1109 2990 1189 3042 est.
1268 2990 1336 3041 Hi
1356 3001 1583 3059 tempore
1605 2993 1765 3044 coitus
1785 2990 1998 3047 humore
2015 3013 2135 3065 pro-

225 3069 375 3122 ·lifico
399 3067 648 3138 replentur
675 3079 724 3118 et
741 3066 888 3135 preffi
913 3067 1081 3119 [emen
1100 3062 1365 3117 candidum
1391 3066 1634 3116 emittunt.
1711 3069 1992 3136 Qiomodo
2016 3089 2136 3125 vero

241 3142 324 3216 ipsi
351 3147 476 3198 inter
505 3142 552 3197 se
579 3141 835 3204 differant,
887 3159 951 3196 ex
982 3137 1353 3264 diffefflonibisss
1384 3137 1570 3194 discere
1604 3154 1828 3212 oportet,
1880 3158 1930 3198 et
1956 3144 2137 3198 deinde

1252 3217 1290 3266 B
2039 3220 2138 3290 ipse
