2571 3775
224 739 441 792 P.70.Gen.

251 798 320 895 a}

463 317 563 364 105

457 438 719 495 Gallorum
741 437 1046 513 Marsonia,
1085 443 1165 495 est.
1239 442 1446 495 Videtur
1470 461 1586 495 cum
1617 441 1815 513 Spigola
1847 457 1894 494 et
1926 443 2126 512 Spiculo
2158 463 2342 500 conve-

458 520 562 568 nire
582 511 826 586 Spirzzzlffi
863 535 965 587 quo
987 515 1231 570 vocabulo
1264 518 1373 570 usus
1399 519 1466 570 est
1487 530 1626 570 vetus
1645 514 1938 585 Aristotelis
1963 518 2115 572 versio
2141 538 2166 571 a
2192 520 2342 574 Gallo

461 587 646 645 Cctmus
665 605 958 660 comparata.
1034 587 1386 661 Aggregator
1413 605 1460 644 et
1483 586 1787 644 Matthaeus
1805 589 2068 659 Sylvaticus
2090 593 2341 664 Spinulam

464 665 526 718 de
547 665 805 734 scorpione
829 664 1086 735 explicant.
1134 664 1208 719 Cf.
1233 662 1385 718 Com.
1406 663 1598 735 Gesner
1616 665 1835 736 Aquatil.
1856 684 1903 735 p.
1935 685 2028 718 102
2040 686 2085 719 0.

613 732 866 813 Δράκων,
903 744 1084 793 Draco.
1122 735 1419 809 Aristoteles
1440 741 1719 793 H.A.VI11.
1741 758 1780 791 c.
1817 760 1833 790 1
1851 758 1894 804 3.
1923 739 2190 794 draconem
2212 746 2336 795 circa

322 810 413 898 {¹
466 812 625 865 littora
650 831 700 863 1n
719 816 868 881 petris
893 813 1070 880 degere
1098 810 1257 865 refert.
1326 809 1574 866 Aelianus
1595 818 1648 865 ΙΙ.
1677 831 1756 872 50·
1791 811 2121 886 eerjapimzo
2141 822 2194 868 II.
2215 831 2339 881 458.

464 885 757 957 punsturam
779 901 1068 939 venenatam
1090 886 1227 955 gobii
1248 885 1517 940 hirundinis
1544 901 1594 939 et
1615 888 1842 939 draconis
1865 904 2121 948 memorat,
2199 891 2340 943 Idem

464 968 522 1015 V.
550 979 629 1023 37.
666 959 937 1013 draconem
958 965 1204 1014 marinum
1227 960 1310 1013 nifi
1330 960 1503 1016 finistra
1526 979 1675 1012 manu
1698 979 1759 1013 ex
1777 965 1898 1013 mari
1922 965 1972 1014 in
1996 977 2174 1016 terram
2196 966 2340 1017 educi

463 1054 567 1088 non
580 1034 716 1104 poffe
730 1036 893 1089 nescio
906 1054 1007 1107 quo
1021 1050 1191 1090 autore
1212 1035 1366 1088 tradit.
1404 1040 1531 1089 XIV.
1551 1056 1567 1086 1
1585 1053 1627 1086 2.
1641 1039 1702 1087 ita
1720 1035 1988 1088 draconem
2001 1041 2174 1106 pingit,
2197 1043 2341 1106 igno-

463 1123 518 1163 to
540 1107 758 1171 aucstore,
782 1128 933 1181 quem
953 1110 1206 1180 exscripfit.
1246 1109 1457 1163 Piscibus
1471 1109 1837 1182 reliquisfimilis
1858 1109 1965 1163 solo
1987 1116 2142 1180 capite
2164 1111 2341 1175 differt,

466 1183 604 1256 quod
629 1183 831 1237 draconi
851 1187 1057 1238 terrestri
1080 1183 1229 1238 fimile
1251 1183 1424 1245 habet3
1463 1185 1597 1238 oculi
1630 1188 1775 1237 etiam
1795 1183 1946 1236 veluti
1965 1185 2192 1239 draconis
2216 1187 2341 1249 sunt,

465 1262 631 1326 magni
652 1257 933 1328 etpulchri3
972 1273 1216 1329 praeterea
1238 1278 1324 1311 ore
1355 1272 1403 1310 et
1424 1257 1631 1311 maxillis
1663 1277 1779 1311 eum
1802 1256 1947 1311 refert
1966 1259 2133 1331 aliquo
2154 1261 2341 1322 modos

467 1332 687 1405 squamas
719 1331 865 1385 habet
895 1334 1106 1403 asperas,
1154 1347 1201 1385 et
1228 1332 1427 1386 aculeos
1462 1352 1672 1402 corpore
1711 1346 1911 1395 enatos,
1967 1338 2052 1406 qui
2092 1353 2342 1389 venenum

467 1411 686 1474 tangenti
704 1406 943 1476 pundhira
964 1410 1186 1460 afferunt.
1261 1403 1471 1461 Plinius
1495 1412 1576 1459 IX.
1610 1427 1650 1460 e.
1674 1425 1756 1470 27.
1801 1412 1966 1461 Draco
1988 1412 2230 1472 marinus,
2269 1415 2344 1462 in-

466 1485 600 1553 quit,
634 1495 802 1550 captus
826 1496 971 1553 atque
1002 1481 1240 1535 immissus
1268 1486 1317 1534 in
1358 1499 1583 1544 arenam,
1630 1500 1889 1534 cavernam
1919 1481 2002 1535 fibi
2030 1486 2187 1537 rostro
2216 1488 2343 1538 mira

467 1553 712 1608 celeritate
743 1570 955 1609 excavat.
1044 1556 1137 1609 Sed
1159 1556 1281 1609 haec
1312 1574 1374 1609 ex
1396 1553 1670 1624 Aristotele
1688 1561 1770 1608 IX.
1798 1574 1878 1615 50.
1922 1557 2143 1611 translata
2169 1559 2230 1611 ad
2250 1560 2344 1612 ser-

466 1644 666 1700 pentem
681 1634 927 1682 marinum
949 1631 1086 1700 supra
1110 1636 1236 1685 Gen.
1261 1632 1376 1683 Piso
1405 1649 1425 1680 1
1441 1644 1484 1689 8.
1507 1634 1603 1684 No.
1629 1651 1675 1698 4.
1702 1635 1960 1700 pertinent.
2043 1632 2182 1685 Idem
2211 1634 2346 1686 vide-

468 1717 548 1757 tur
566 1703 626 1756 de
648 1722 749 1776 quo
774 1701 981 1758 Plinius
1005 1710 1204 1758 XXXII.
1232 1725 1249 1757 1
1270 1724 1312 1756 1.
1352 1710 1545 1768 Draco,
1583 1709 1765 1776 inquit,
1794 1706 1998 1776 quidam
2020 1706 2149 1759 aliud
2173 1707 2346 1761 volunt

470 1777 564 1831 effe
588 1778 971 1841 dracunculum,
1028 1782 1096 1833 est
1124 1794 1291 1833 autem
1319 1778 1588 1846 gerriculae
1629 1783 1717 1846 (ita
1750 1797 1812 1831 ex
1841 1799 1943 1832 uno
1975 1781 2165 1834 Codice
2192 1783 2348 1835 edidit

468 1848 777 1907 Harduimts
800 1872 889 1924 pro
910 1853 1138 1922 graculo)
1184 1853 1373 1916 similis,
1411 1852 1608 1907 aculeos
1630 1858 1680 1905 in
1699 1852 1940 1913 branchiis
1962 1853 2108 1908 habet
2141 1856 2200 1907 ad
2232 1876 2348 1910 cau-

469 1926 584 1979 dam
602 1926 895 1996 speclantes‚
938 1927 1000 1981 fic
1022 1942 1077 1980 ut
1100 1929 1291 1999 scorpio
1311 1926 1483 1990 laedit,
1516 1927 1638 1980 dum
1670 1946 1820 1980 manu
1851 1927 2046 1981 tollitur.
2122 1929 2225 1982 Ubi
2254 1936 2348 1984 mi-

467 2019 550 2054 ror
570 1999 835 2054 lediionem
856 1999 1150 2072 gerriculae
1170 2002 1228 2055 ab
1247 1999 1525 2056 Harduiwo
1549 2017 1798 2072 receptam
1818 2002 1936 2064 effe,
1965 2022 2081 2058 cum
2106 2005 2204 2074 ipse
2229 2025 2346 2060 curn

469 2072 768 2130 Rondeletio
790 2076 1144 2129 dracunculum
1165 2075 1426 2131 Gallorum
1455 2074 1513 2130 V
1513 2074 1645 2130 ivam
1670 2080 2037 2146 interpretetur,
2063 2083 2143 2130 cui
2162 2097 2346 2146 gerres,

470 2148 727 2219 pisciculus
757 2154 976 2203 minutus
1009 2166 1058 2203 et
1089 2150 1224 2213 vilis,
1259 2150 1324 2202 nil
1354 2149 1505 2203 {imile
1538 2150 1695 2204 habet.
1777 2154 1963 2204 Contra
1985 2151 2175 2220 vulgata
2198 2153 2346 2209 lc-cs’rio

466 2221 687 2293 graculo
720 2242 955 2291 graecum
993 2224 1178 2294 κολίας
1210 2224 1445 2292 fignificat
1480 2226 1562 2276 seu
1593 2226 1777 2295 piscem
1810 2224 2044 2279 lacertum
2081 2246 2142 2278 ex
2171 2232 2346 2283 Scom-

473 2296 678 2351 brorum
699 2316 893 2365 genere.
970 2303 1043 2350 Ex
1074 2296 1383 2369 Dioscorida
1401 2304 1452 2350 II.
1484 2318 1524 2350 c.
1556 2312 1638 2357 28.
1690 2299 1960 2351 draconem
1996 2304 2245 2354 marinum
2284 2304 2347 2356 ad

470 2372 631 2441 spinae
650 2371 788 2434 suae,
826 2390 921 2443 qua
942 2368 1076 2434 ferit,
1111 2391 1395 2434 venenum,
1436 2373 1594 2442 ipsum
1619 2376 1810 2441 imponi
1832 2373 1994 2426 docet.
2069 2371 2349 2447 Oppianus

472 2450 505 2497 Ι.
539 2454 650 2510 ¹69·
701 2445 940 2499 dracones
966 2449 1016 2498 in
1041 2450 1187 2516 petris
1211 2460 1259 2499 et
1278 2450 1327 2498 in
1355 2450 1511 2498 arenis
1533 2447 1714 2514 degere
1746 2451 1884 2500 canit.
1960 2453 2126 2502 Locus
2159 2447 2348 2519 Ista'ori

472 2521 623 2572 exstat
640 2523 786 2583 etiam
811 2539 927 2573 cum
949 2519 1041 2574 alio
1061 2519 1275 2575 audloris
1295 2519 1472 2573 Gallici
1498 2521 1558 2574 de
1583 2536 1751 2574 natura
1778 2540 1942 2574 rerum
1963 2523 2091 2592 apud
2126 2521 2348 2579 Vincen-

471 2590 598 2647 timn
619 2598 765 2647 XVII.
800 2612 901 2665 cap.
935 2614 1046 2657 ¹¹14-
1118 2596 1212 2648 Sed
1247 2592 1474 2662 ]fidorm
1505 2594 1651 2648 verba
1699 2609 1888 2648 tantum
1925 2594 2094 2650 Plinii
2128 2604 2345 2668 repetiit;

472 2667 645 2720 Gallus
673 2667 848 2732 multas
878 2669 939 2721 de
961 2669 1185 2722 draconis
1225 2671 1459 2722 terrestris
1496 2668 1805 2723 similitudine
1828 2671 2087 2724 immiscuit
2120 2675 2346 2743 ineptiaS‚

471 2746 695 2813 repetitas
719 2741 780 2795 ab
802 2739 1015 2797 Alberto
1037 2748 1211 2798 XXIV.
1247 2762 1293 2812 p.
1317 2761 1434 2808 242.
1458 2742 1504 2796 b.

624 2814 893 2879 Amnem,
933 2815 1158 2872 Arnum.
1201 2814 1409 2873 Plinius
1430 2823 1511 2870 IX.
1535 2830 1732 2888 cap.48.
1769 2835 1924 2889 aeque
1943 2815 2221 2887 pestiferum
2245 2825 2349 2875 ani-

474 2889 571 2944 mal
592 2908 797 2944 araneus
818 2893 977 2963 spinae
1002 2897 1051 2946 in
1079 2893 1225 2947 dorso
1255 2891 1431 2946 aculeo
1466 2896 1657 2946 noxius.
1735 2891 1872 2944 Idem
1905 2897 2101 2944 XXXII.
2134 2913 2234 2965 cap.
2269 2916 2284 2947 1
2304 2916 2343 2948 1.

476 2967 603 3017 inter
627 2969 843 3020 marinos
864 2985 1098 3020 araneum
1122 2971 1357 3021 nominat.
1436 2964 1662 3035 Iſsdorm
1680 2970 1780 3017 XII.
1806 2972 1853 3017 ὅ.
1889 2981 1935 3018 et
1962 2967 2092 3036 apud
2122 2966 2342 3023 Vincen—

475 3035 601 3090 tium
629 3044 770 3091 XVII.
799 3060 898 3112 cap.
928 3060 1006 3102 32.
1061 3043 1257 3095 Aranea
1287 3058 1441 3108 genus
1472 3043 1538 3093 est
1570 3042 1707 3111 piscis
1739 3038 1924 3093 dicium
1961 3059 2024 3095 eo
2055 3043 2191 3112 quod
2228 3062 2345 3097 aure

470 3107 630 3174 ‚feriat3
670 3112 814 3169 habet
858 3120 992 3170 enim
1031 3117 1083 3170 in
1119 3134 1173 3170 ea
1209 3113 1461 3179 stimulos,
1532 3114 1709 3188 quibus
1744 3118 1955 3188 percutit
1995 3119 2346 3244 proxiiffiyantes.

2109 3194 2154 3243 A
2205 3198 2353 3246 estus-
