2571 3775
1019 328 1310 353 ’““““““““
1472 358 1474 361 -
2048 329 2114 382 37.

235 472 355 529 quas
381 450 624 508 foeminas
651 459 858 508 vocant,
907 444 988 498 sed
1012 462 1116 498 non
1141 441 1299 504 redie3
1343 441 1444 496 sola¹
1479 445 1614 495 enim
1654 441 1808 512 specie
1833 445 2053 513 eorporis
2081 459 2114 495 a

236 531 431 602 reliquis
459 526 739 592 distrepant.
804 524 881 573 IV.
919 540 935 571 1
956 539 996 571 1.
1045 536 1194 591 quam
1235 517 1436 589 quidam
1468 521 1616 570 maris
1645 516 1884 584 anguillae
1924 531 1971 568 et
2005 516 2113 569 foe-

235 608 398 658 minae
430 598 754 650 differentiam
789 595 982 656 dicunt,
1034 611 1226 646 marem
1255 590 1438 644 scilicet
1468 605 1613 661 caput
1640 589 1834 658 longius
1875 603 1924 641 et
1955 594 2111 654 majus

233 675 442 734 habere,
478 669 750 724 foeminam
774 683 944 723 contra
967 685 1176 737 parvum
1196 679 1243 719 et
1269 670 1424 733 magis
1445 665 1650 725 fimum3
1687 665 1810 718 haec
1837 682 1942 716 non
1968 664 2112 717 sexus

231 749 314 803 sed
331 749 521 815 generis
534 745 804 797 differentia
817 745 898 797 est.
974 742 1178 795 Videtur
1201 759 1324 809 ergo
1338 739 1657 811 philosophus
1677 739 1778 792 duo
1789 735 2112 806 anguillarum

231 838 411 889 genera
434 819 615 872 diversa
637 837 837 890 ponere.
925 821 999 869 Ex
1035 815 1333 886 Philosopho
1370 819 1560 884 repetiit
1586 809 2014 882 MichaelScotus
2048 811 2112 863 de

229 893 559 949 Phifionomia
587 911 689 963 cap.
717 911 743 945 2
761 913 799 945 1.
837 911 989 946 omne
1020 889 1198 944 animal
1238 888 1559 942 masculinum
1589 890 1656 942 est
1683 891 1734 940 in
1757 883 2116 940 membris'suis¹

231 967 613 1041 quodammodo
644 972 808 1021 minus
849 965 1069 1028 feminis,
1117 980 1171 1017 ut
1192 978 1323 1034 patet
1345 968 1395 1016 in
1416 967 1605 1016 cancris
1629 976 1677 1015 et
1696 960 1943 1028 anguilliS‚
1965 978 2113 1032 quo-

229 1047 365 1096 niam
391 1055 534 1112 caput
554 1042 752 1094 masculi
782 1043 850 1094 est
871 1044 1035 1093 minus
1053 1042 1213 1109 capite
1237 1036 1523 1099 soemessae,
1572 1050 1621 1089 et
1641 1038 1792 1104 graffa
1809 1032 2020 1087 feminae
2039 1035 2109 1086 est

230 1120 389 1182 major
421 1115 633 1169 masculi.
742 1110 1042 1185 Aristoteles
1080 1112 1266 1166 ibidem
1303 1112 1366 1164 de
1404 1114 1747 1181 procreatione
1782 1106 2108 1176 anguillarum

226 1191 350 1243 haec
371 1191 534 1247 tradit:
585 1188 819 1257 Anguilla
841 1207 1002 1260 neque
1024 1206 1129 1241 mas
1151 1206 1242 1240 nec
1263 1184 1480 1239 foemina
1504 1187 1572 1240 est
1586 1223 1602 1248 ,
1639 1202 1801 1256 neque
1825 1181 2016 1253 prolem
2044 1199 2107 1234 ex

225 1266 273 1317 se
292 1264 501 1336 aliquam
522 1279 793 1334 procreant.
871 1263 963 1315 Sed
985 1266 1068 1334 qui
1090 1280 1200 1315 eam
1220 1260 1570 1331 capillamentis
1596 1273 1645 1312 et
1665 1257 1915 1311 lumbricis
1940 1254 2107 1308 fimilia

225 1340 467 1412 quaedam
493 1339 740 1391 interdum
765 1336 1069 1391 adhaerentia
1094 1350 1348 1404 gerentem
1367 1334 1533 1388 vidiffe
1559 1337 1719 1395 aiunt,
1756 1330 2111 1387 inconsiderate

225 1417 582 1483 pronunciant3
642 1431 735 1466 nec
781 1416 916 1465 enim
958 1410 1352 1464 animadvertunt
1385 1427 1485 1482 qua
1513 1423 1648 1479 parte
1688 1406 1764 1459 illa
1801 1406 2109 1458 adhaereant.

227 1492 333 1542 Nec
378 1492 512 1540 enim
550 1487 838 1553 hujusmodi
878 1484 1162 1538 animalium
1194 1483 1394 1556 aliquod
1440 1501 1596 1551 genus
1625 1485 1764 1535 vivos
1798 1481 1898 1533 edit
1927 1477 2105 1541 foetus,

226 1566 333 1617 ovis
355 1577 493 1615 antea
528 1581 629 1615 non
652 1561 887 1621 inclusos3
936 1558 1200 1628 anguillam
1220 1577 1346 1613 vero
1364 1577 1515 1611 nemo
1539 1556 1699 1609 adhuc
1727 1559 1833 1609 ovis
1854 1553 2107 1621 gravidam

225 1637 357 1691 vidit.
442 1641 693 1689 Praeterea
724 1652 1049 1708 quaecunque
1072 1632 1249 1687 animal
1273 1637 1442 1687 vivum
1465 1636 1694 1704 pariunt,.
1715 1648 1817 1683 non
1839 1643 2008 1681 ventre
2031 1631 2109 1679 in-

225 1710 384 1764 clusos
417 1711 500 1763 secl
532 1724 674 1764 utero
707 1711 909 1763 adnatos
935 1725 1112 1777 gerunt
1139 1705 1327 1769 foetu53
1363 1706 1476 1759 alias
1499 1710 1634 1759 enim
1654 1703 1843 1759 foetura
1872 1706 1940 1755 uti
1963 1700 2105 1754 cibus

224 1798 635 1857 concoqueretur.
709 1788 807 1836 Hic
831 1784 1010 1838 Codex
1030 1782 1289 1836 Mediceus
1322 1801 1438 1834 cum
1464 1779 1681 1834 verfione
1711 1775 1856 1833 Scoti
1886 1775 2103 1830 vocabu„-

223 1858 354 1922 lum,
386 1878 490 1931 quo
512 1872 656 1929 caput
671 1862 826 1927 magis
847 1856 1024 1911 fimum
1046 1856 1139 1910 effe
1162 1854 1614 1917 diciturfoeminae‚
1633 1856 1831 1908 omittit.
1906 1851 2102 1905 Deinde

223 1934 360 1986 idem
390 1934 570 1987 Codex
600 1952 718 1985 cum
753 1931 879 1986 libro
909 1935 960 1985 B.
990 1931 1213 1984 Rhenani
1236 1932 1397 1983 inserit
1430 1947 1612 1983 vocem
1642 1922 1893 2004 πρασώδη
1913 1951 1977 1985 τε
2003 1929 2031 1977 i.
2057 1943 2101 1977 e.

223 2023 454 2078 porracea
487 2007 674 2078 aliqua,
738 2006 915 2078 quibus
954 2005 1148 2067 similia,
1198 2020 1249 2058 et
1277 2003 1624 2074 capillamentis
1657 2017 1705 2055 et
1734 1999 1984 2054 lumbricis
2015 2017 2103 2051 an-

224 2081 370 2149 guilla
403 2081 651 2134 interdum
678 2081 986 2134 adhaerentia
1015 2097 1198 2147 >gerere
1231 2079 1423 2131 dicitur.
1495 2082 1572 2130 VI.
1603 2093 1680 2137 14.
1728 2080 1908 2128 Semen
1940 2088 2102 2126 mares

223 2173 401 2209 omnes
420 2154 628 2216 habent,
668 2169 870 2225 excepta
903 2152 1139 2221 anguilla,
1189 2171 1316 2225 quae
1351 2171 1444 2205 nec
1480 2169 1573 2206 ova
1616 2169 1709 2203 nec
1742 2150 1907 2202 semen
1940 2146 2102 2200 habet.

225 2232 408 2284 Cestrei
429 2248 490 2281 ex
513 2232 635 2283 mari
654 2232 704 2281 in
728 2231 906 2282 fluvios
928 2242 976 2280 et
1002 2229 1163 2295 stagna
1193 2226 1492 2280 adstendunt
1522 2239 1686 2297 partus
1709 2224 1843 2276 causa
1859 2254 1875 2284 5
1913 2221 2102 2290 anguil-

224 2304 295 2356 lae
332 2319 504 2356 contra
535 2322 597 2356 ex
621 2305 782 2356 fluviis
811 2317 875 2356 et>
893 2304 1070 2370 stagnis
1089 2305 1138 2353 in
1158 2319 1294 2353 mare
1325 2303 1541 2353 veniunt.
1627 2292 1834 2352 Albertz'
1863 2295 2019 2350 verfio
2050 2310 2101 2349 et

227 2375 286 2433 V
286 2375 491 2431 incentii
524 2382 667 2429 XVII.
695 2395 798 2447 cap.
837 2396 913 2435 ις.
967 2394 1059 2446 pro
1099 2374 1309 2443 anguilla
1338 2373 1520 2427 habent
1547 2368 1729 2434 limaz,
1784 2390 1877 2442 pro
1910 2372 2099 2424 cestreo

220 2451 469 2520 castowoz.
565 2450 910 2519 Anguillarum
945 2453 1294 2518 migrationem
1334 2466 1548 2501 annuam
1578 2451 1625 2500 in
1663 2464 1796 2499 mare
1829 2460 1877 2498 et
1903 2460 2097 2515 partum

220 2525 334 2579 inde
363 2544 479 2578 cum
505 2539 659 2578 matre
683 2525 975 2579 redeuntem
1011 2538 1241 2594 expertus
1260 2524 1522 2576 confirmat
1539 2518 1689 2578 Redi.
1737 2519 2098 2588 Deglimiinali

220 2603 399 2654 viventi
426 2613 474 2652 et
495 2614 585 2652 cet.
606 2618 651 2670 p.
678 2619 757 2666 59.
834 2603 1032 2654 Totum
1060 2613 1205 2668 caput
1236 2603 1309 2649 16.
1336 2596 1442 2650 libri
1462 2601 1538 2649 VI.
1557 2595 1620 2648 de
1638 2594 1963 2663 anguillarum
1983 2613 2098 2664 pro·-

217 2674 467 2729 creatione
486 2673 667 2734 trailat.
742 2672 1023 2742 Anguillae‚
1047 2675 1223 2744 inquit,
1255 2687 1349 2724 nec
1370 2690 1432 2724 ex
1454 2674 1587 2724 coitu
1607 2673 1852 2731 oriuntur,
1885 2687 1976 2721 nec
1999 2686 2096 2722 ova

217 2752 434 2819 pariunt3
474 2767 566 2801 nee
591 2748 683 2801 visa
704 2748 866 2801 adhuc
887 2749 981 2809 est,
1019 2765 1144 2818 quae
1163 2748 1329 2800 semen
1351 2759 1433 2798 aut
1454 2763 1547 2798 ova
1575 2757 1790 2813 gereret3
1831 2761 1923 2796 nec
1952 2743 2092 2796 diffe-

215 2821 322 2876 t‘lae
349 2827 478 2875 intus
507 2823 770 2876 ostendunt
801 2826 901 2876 vias
933 2820 1185 2874 seminales
1221 2834 1302 2873 aut
1332 2838 1563 2874 ovorum.
1676 2818 1771 2872 Sed
1803 2832 1963 2870 totum
1991 2817 2094 2870 hoc

215 2915 373 2964 genus
394 2896 678 2950 animalium
706 2898 1086 2965 sanguineorum
1113 2914 1205 2948 nec
1235 2898 1372 2948 coitu
1408 2912 1498 2946 nec
1530 2895 1636 2946 ovis
1672 2896 1915 2952 exoritur,
1955 2890 2092 2963 quod

212 2970 315 3024 hoc
335 2987 627 3038 argumento
659 2972 970 3039 cognoscitur
1004 2988 1178 3022 verum
1207 2969 1314 3022 efl'e.
1394 2973 1448 3020 In
1476 2965 1723 3022 nonnullis
1755 2970 1888 3018 enim
1918 2966 2094 3034 stagnis

214 3044 436 3099 coenofis
461 3062 585 3115 aqua
608 3049 748 3098 omni
774 3044 1003 3098 exhausta
1027 3058 1075 3096 et
1096 3043 1216 3098 limo
1238 3041 1481 3105 detracstffi
1533 3039 1771 3108 anguillae
1805 3040 1972 3092 denuo
2007 3058 2093 3092 na-

209 3119 432 3185 scuntur,
471 3117 554 3174 ubi
573 3136 694 3193 aqua
721 3120 968 3176 access'erit
994 3116 1170 3192 pluvia.
1247 3121 1390 3173 Sicco
1420 3132 1673 3188 tempore,
1710 3132 1803 3170 nec
1831 3118 1883 3169 in
1916 3115 2093 3181 stagnis

1196 3196 1236 3245 E
1281 3210 1305 3256 3
1866 3192 2092 3260 perenni-
