2571 3775
430 368 537 421 231.
1230 360 1535 401 —-——-··-······‘“·—-

583 480 624 539 I
621 478 697 537 οῘι.
722 475 879 538 (Iuba.
926 480 980 536 In
995 480 1216 537 Hortulo
1240 485 1460 537 Sanitatis
1476 484 1684 538 nomina
1715 481 2001 538 animalium
2021 502 2086 538 ex
2105 474 2322 539 Alberto

433 559 633 633 aliisque
657 562 860 630 repetiit.

589 666 962 739 Demostratus.
1030 670 1180 719 Hunc
1207 669 1316 736 post
1346 665 1646 740 Oppianum
1685 667 1906 738 scripfiffe
1938 686 2054 721 cum
2083 665 2324 739 silentium

437 739 693 800 Athenaei
713 757 821 795 tum
845 741 993 794 verba
1016 728 1224 794 Affinm
1240 746 1345 794 XV.
1373 760 1413 794 c.
1448 762 1525 808 19.
1561 756 1800 811 arguunt,
1833 747 1919 815 qui
1948 744 2088 813 saepe
2120 745 2222 802 eius
2250 756 2325 794 te-

437 820 676 872 stimonio
698 820 861 869 utitur.
923 820 1001 869 De
1020 815 1287 884 piscatione
1308 814 1459 871 libros
1479 822 1588 870 XX.
1613 821 1855 879 oratione,
1885 831 1940 869 ut
1960 818 2173 878 videtur,
2210 835 2327 887 pro-

437 893 586 953 serica,
624 890 687 943 de
715 890 1020 943 divinatione
1049 907 1137 959 per
1167 906 1372 961 aquam,
1425 895 1656 963 variaque
1691 891 1779 943 alia
1805 890 2021 944 historici
2048 894 2327 960 argumenti

435 963 662 1035 scripfiffe
684 965 831 1017 tradit
859 961 1066 1017 Suidas.
1142 961 1317 1044 Ao'ygg
1352 962 1657 1033 ἁλιευτιχὲς
1687 966 1770 1018 seu
1793 965 1855 1018 de
1874 966 2136 1035 piscatione
2157 960 2325 1028 libros,

436 1038 663 1093 adhibuit
706 1035 955 1093 Aelianus
990 1041 1112 1090 XIII.
1160 1056 1244 1090 21.
1293 1039 1356 1092 de
1393 1044 1575 1093 tritone
1614 1045 1937 1108 Tanagraeo,
1995 1058 2021 1092 a
2055 1036 2325 1110 Pausania

441 1118 588 1169 etiam
623 1114 724 1167 viso
754 1128 802 1167 et
833 1112 1075 1182 descripto
1096 1116 1177 1165 IX.
1209 1131 1312 1183 cap.
1337 1131 1418 1166 20.
1481 1115 1543 1167 de
1571 1112 1686 1167 luna
1723 1115 1850 1185 pisce
1880 1118 1984 1166 XV.
2006 1134 2056 1181 4.
2105 1114 2169 1166 de
2199 1131 2322 1182 grue

439 1192 629 1243 mari-na
651 1193 757 1243 XV.
780 1206 828 1254 9.
857 1187 921 1240 de
942 1186 1242 1240 testudinum
1265 1186 1469 1242 libidine
1486 1194 1591 1241 XV.
1618 1209 1692 1255 ¹9·
1773 1194 1967 1241 Praeter
1989 1188 2175 1244 ordinis
2197 1189 2329 1240 sena-

436 1266 561 1318 torii
581 1263 867 1330 dignitatem
887 1275 936 1314 et
955 1261 1201 1322 summam
1228 1266 1299 1316 rei
1326 1264 1607 1333 piscatoriae
1642 1267 1887 1334 peritiam,
1929 1262 2155 1317 dictionis
2184 1267 2329 1315 etiam

444 1339 747 1392 venustatem
765 1339 953 1404 magnis
982 1334 1206 1390 laudibus
1242 1339 1395 1390 effert.
1472 1343 1663 1391 Praeter
1694 1339 1999 1408 piscatoriam
2030 1336 2331 1407 disciplinam

443 1416 596 1465 etiam
627 1411 689 1464 de
711 1414 870 1464 anima
899 1409 1177 1464 doctrinam
1196 1412 1398 1480 attigisse
1421 1431 1539 1465 eum
1560 1432 1663 1466 non
1687 1412 1892 1467 obscure
1912 1413 2093 1466 indicat
2113 1417 2217 1464 XV.
2251 1431 2330 1477 19.

440 1485 666 1540 Dubium
692 1487 784 1548 est,
822 1504 884 1539 an
904 1485 1038 1538 idem
1057 1484 1110 1539 fit
1130 1486 1452 1556 Apameenfis
1480 1489 1848 1549 DeniostratUS‚
1897 1506 2050 1559 quem
2082 1486 2144 1539 de
2167 1489 2331 1548 *fluviis

441 1557 605 1633 laudat
623 1559 1097 1630 Pseudoplutarchus
1117 1561 1190 1630 Ede
1211 1560 1518 1615 Fluminibus
1552 1566 1618 1615 T.
1640 1567 1691 1614 ΙΙ.
1748 1580 1795 1633 p.
1827 1580 1843 1613 1
1864 1580 1980 1627 153.
2003 1575 2050 1614 et
2070 1579 2115 1632 p.
2143 1579 2162 1611 1
2182 1580 2299 1624 155.

598 1654 937 1743 Dioscorides
973 1667 1288 1739 (Pedanius)
1334 1670 1480 1727 Cilix.
1544 1675 1807 1727 Materiam
1848 1671 2333 1727 medicamentorum

447 1744 616 1799 medio
637 1742 737 1799 fere
757 1743 926 1800 seculo
950 1750 982 1797 I.
1012 1745 1305 1817 complexus
1327 1749 1394 1801 est
1414 1745 1547 1800 libris
1577 1751 1663 1809 iis,
1700 1764 1828 1818 quos
1857 1742 2067 1800 Plinius
2095 1749 2333 1814 interpre-

442 1833 573 1873 tatus
598 1821 688 1874 est.

594 1923 875 2001 Βίρῖῑίίιις,
929 1927 1181 1998 Siphnius,
1228 1929 1468 1983 medicus.
1526 1933 1600 1983 Ex
1629 1928 1756 1982 libro
1782 1928 1844 1981 de
1876 1927 1992 1982 cibo
2025 1927 2256 1991 sanorum
2285 1940 2335 1981 et

441 2018 771 2073 aegrotorum
792 2002 945 2056 multa
975 2006 1119 2055 etiam
1149 2002 1211 2055 de
1232 2003 1440 2073 piscibus
1469 2005 1608 2057 affert
1636 1998 1948 2066 Athenaeum
2008 2002 2156 2057 semel
2186 2006 2334 2056 etiam

446 2078 664 2132 eundem
686 2077 845 2131 laudat
865 2072 1089 2131 Galenus
1118 2081 1185 2130 T.
1208 2082 1282 2130 VI.
1320 2098 1364 2150 p.
1388 2091 1510 2145 498.
1550 2078 1624 2132 ed.
1651 2078 1818 2145 Chart.

599 2183 826 2242 Dorion.
865 2192 979 2249 Ejus
1011 2186 1191 2240 librum
1219 2188 1280 2242 de
1310 2187 1521 2258 piscibus
1542 2189 1681 2258 saepe
1705 2187 1865 2241 laudat
1887 2183 2186 2240 Athenaeus.
2260 2190 2334 2238 Ex

449 2260 567 2316 loco
587 2261 732 2315 allato
765 2262 892 2332 apud
922 2256 1226 2316 Athenaeum
1255 2268 1353 2315 VII.
1389 2281 1434 2330 p.
1460 2275 1581 2324 287.
1616 2278 1665 2314 et
1688 2261 1790 2315 aliis
1808 2276 2021 2331 apparet,
2052 2279 2168 2313 eum
2193 2257 2333 2311 fimul

449 2336 633 2389 modos
657 2335 918 2406 apparandi
940 2336 1306 2407 condiendique
1320 2337 1470 2406 pisces
1491 2336 1552 2387 ad
1565 2354 1774 2389 coenam
1786 2334 2014 2388 docuisse.
2090 2331 2335 2396 Dubium,

451 2427 512 2461 an
532 2410 691 2472 idem,
723 2412 862 2476 cujus
894 2410 1190 2488 Γεωργικὰ)
1218 2411 1301 2462 seu
1321 2409 1388 2462 de
1418 2429 1470 2463 re
1490 2412 1661 2463 rustica
1684 2409 1864 2462 librum
1897 2407 2058 2461 laudat
2086 2408 2334 2478 Tryphon

453 2482 818 2537 Alexandrinus
839 2483 967 2553 apud
986 2483 1289 2537 Aelzeeaeum
1315 2489 1386 2536 III.
1407 2503 1453 2553 p.
1470 2501 1505 2547 7
1517 2497 1561 2543 8.
1599 2485 1699 2555 Ipse
1722 2481 2004 2537 Aelzewaeus
2020 2487 2140 2536 VIII.
2150 2501 2197 2552 p.
2216 2502 2238 2544 3
2256 2502 2333 2545 3‘7·

453 2558 672 2610 eundem
699 2556 810 2610 facit
838 2577 956 2610 cum
988 2561 1214 2611 Dorvione
1257 2557 1455 2612 tibicine
1485 2552 1900 2635 (κρεςματοπωόν
1939 2556 2052 2610 alibi
2083 2559 2334 2622 nominat)

451 2630 705 2698 gulositate
726 2646 776 2684 et
798 2631 1065 2684 urbanitate
1087 2633 1191 2686 satis
1212 2632 1416 2694 celebri,
1449 2634 1510 2686 de
1529 2652 1632 2705 quo
1653 2629 1879 2685 Maclzon
1908 2635 2135 2685 comicus
2155 2629 2334 2696 alicubi

380 2747 388 2760 .-
453 2706 710 2758 tradiderit
751 2709 801 2758 in
843 2708 1130 2775 Aegyptum
1169 2707 1472 2760 adveniente.
1585 2706 1821 2773 Ejusdem
1864 2710 2090 2772 Lynceus
2128 2709 2334 2771 SamiuS,

455 2779 788 2849 Theophrasti
813 2779 1070 2850 discipulus
1102 2781 1417 2849 Hegesander
1447 2781 1626 2855 aliique
1654 2779 1851 2833 dicieria
1874 2778 2026 2833 multa
2046 2777 2234 2831 ibidem
2257 2796 2335 2839 τεὴ

451 2850 626 2908 ferunt.
701 2858 831 2907 Hinc
852 2855 913 2907 de
932 2869 1085 2908 aetate
1105 2857 1208 2922 ejus
1233 2857 1430 2910 constat.

606 2959 954 3035 Empedocle5‚
1003 2965 1219 3028 Siculus,
1265 2980 1439 3036 poeta,
1482 2968 1566 3036 qui
1597 2963 1682 3016 ubi
1714 2962 1775 3015 de
1807 2962 1984 3015 mundi
2015 2965 2334 3030 generatione

453 3045 765 3113 partiumque
785 3041 889 3104 ejus
911 3040 1224 3093 ordinatione
1249 3038 1507 3102 traclabat,
1537 3037 1824 3093 animalium
1851 3041 1997 3090 etiam
2029 3037 2333 3107 pisciumque

457 3129 678 3169 naturam
698 3117 969 3183 generatam
997 3119 1231 3183 attigerat.
1299 3156 1302 3159 -

2143 3213 2205 3282 Q.
2225 3212 2331 3271 En-
