2571 3775
2126 309 2184 344 11

306 419 624 490 cartilagineis
642 415 855 490 piscibus
871 430 1041 484 agens:
1083 432 1212 488 quo,
1244 417 1417 487 inquit,
1457 417 1504 470 in
1527 433 1741 487 numero
1762 419 1867 472 sunt
1891 419 2038 492 squali
2059 439 2185 494 quo-

309 515 408 567 que
426 498 648 567 quamvis
674 510 783 552 „non
806 490 949 561 plani.
1062 489 1166 543 Ubi
1196 490 1399 561 quidam
1421 487 1565 559 galei
1593 493 1884 554 emendant,
1922 495 2004 546 sed
2035 494 2182 549 Har-

309 568 496 622 ciuiuus
517 565 706 636 squalos
728 569 1066 634 interpretatur
1085 561 1270 632 galeos.
1345 561 1658 617 Vocabulum
1667 562 1847 636 fiflmli
1867 570 1917 618 in
1940 585 2001 620 eo
2014 566 2183 622 Pliwii

312 642 428 695 loco
458 639 603 692 habet
630 642 778 692 etiam
814 634 1118 692 Vincentius
1147 641 1290 689 XVII.
1336 655 1438 707 cap.
1471 657 1547 702 19.
1632 639 1785 708 Apud
1813 640 2028 692 eundem
2067 639 2183 695 Pli-

308 713 446 768 nium
471 718 551 765 IX.
582 712 691 765 sest.
713 732 798 772 74·
840 710 991 783 squali
1011 715 1138 763 circa
1169 710 1544 782 aequinodtium
1571 730 1740 781 parere
1770 713 2013 766 dicuntur.
2081 714 2185 767 Ubi

308 791 396 840 viri
427 785 563 840 dosii
595 786 861 840 emendant
872 783 1071 857 squati.
1151 784 1291 838 Idem
1324 781 1532 838 Plinius
1561 791 1756 838 XXXII.
1786 785 1897 839 sedi.
1926 807 1946 848 ς
1966 807 2007 849 3·
2047 787 2185 841 rhina

307 879 462 932 quem
483 862 708 932 squatum
730 878 983 913 vocamus.
1058 863 1112 911 In
1143 857 1424 912 Halieutico
1455 855 1639 912 Ovidii
1658 862 1796 912 versu
1821 881 1828 909 ι
1850 879 1932 925 24-
1967 859 2189 933 etsqzm-

307 933 387 987 lus
408 942 455 987 ez?
477 929 1121 1006 terruisuffit-sussnguine
1141 929 1321 985 mullus
1344 931 1549 985 herbossi
1572 951 1716 986 arena
1745 933 1910 987 laetari
1939 934 2184 988 dicuntur.

305 1009 574 1078 Suspicatus
595 1010 662 1060 est
686 1012 782 1072 jam
811 1007 934 1061 olim
961 1006 1113 1060 Com.
1138 1004 1331 1077 Gesner
1374 1006 1592 1078 Aquatil.
1626 1026 1669 1076 p.
1713 1025 1863 1070 1079.
1914 1012 1962 1060 in
1993 1006 2186 1063 Ovidio

305 1096 355 1134 et
384 1082 418 1133 bs
439 1099 628 1135 arrone
647 1080 902 1152 cephaIOS,
935 1079 1182 1148 mugilum
1203 1080 1414 1150 speciem
1438 1079 1664 1147 intelligi,
1701 1080 1833 1153 quali
1849 1080 1997 1152 squali
2018 1101 2079 1135 ex
2104 1102 2186 1136 ce-

305 1154 460 1225 phalis
483 1156 722 1209 coutradfi
737 1154 917 1209 suerint
936 1158 1359 1224 pronunciatione.
1442 1152 1758 1208 Manifestum
1788 1153 1941 1207 saltim
1967 1155 2067 1209 hoc
2101 1160 2184 1220 est,

305 1229 554 1299 duplicem
593 1234 799 1284 inveniri
838 1233 888 1282 in
927 1241 1151 1282 veterum
1190 1229 1373 1298 scriptis
1424 1226 1711 1301 squalorum
1743 1233 2031 1292 notionem3
2092 1249 2186 1285 nec

305 1304 581 1376 quidquam
613 1304 675 1357 de
709 1304 933 1357 alterutra
955 1306 1072 1356 certi
1102 1302 1237 1372 poffe
1265 1303 1441 1355 afferri.

453 1375 654 1448 Capito.
695 1375 959 1448 Ausonius
988 1377 1125 1430 versu
1154 1389 1235 1435 85.
1288 1380 1561 1448 Squameus
1593 1374 1820 1430 herbosas
1851 1378 2028 1448 Capito
2057 1381 2184 1432 inter

301 1450 434 1504 lucet
452 1451 673 1514 harenas,
710 1453 892 1505 viscere
915 1464 1205 1521 praetenero
1227 1453 1282 1517 (i.
1294 1469 1335 1503 e.
1360 1468 1504 1516 carne
1529 1454 1721 1517 tenera)
1742 1449 1902 1504 fartim
1925 1455 2186 1520 congestus

299 1527 448 1579 aristis
479 1528 653 1594 (aristis
677 1524 922 1594 conferta)
951 1543 1046 1580 nec
1078 1524 1340 1579 duraturus
1371 1526 1480 1597 post
1508 1522 1623 1578 bina
1645 1524 1843 1579 trihoria
1868 1525 2045 1580 mensis
2064 1531 2119 1598 (i.
2142 1546 2184 1582 e.

300 1601 363 1654 ad
397 1602 629 1666 mensas.)
1480 1604 1483 1605 ⁷

452 1669 680 1728 Barbas,
715 1670 980 1746 Ausbnius
1007 1673 1146 1728 versu
1168 1692 1253 1738 9¹·
1303 1674 1430 1726 inter
1459 1671 1653 1727 medios
1685 1671 1927 1729 salmones
1960 1673 2186 1729 collocat.

304 1745 357 1803 T
350 1763 482 1821 uque
511 1766 610 1820 per
639 1743 1023 1875 obliqm'sfauces
1055 1753 1236 1801 vexate
1268 1744 1488 1811 Saravi,
1538 1763 1642 1819 qua
1674 1742 1753 1802 bis
1784 1756 1931 1803 terna
1947 1750 2184 1818 fremunt

295 1820 566 1894 scopulosis
599 1822 723 1893 ostra
761 1820 821 1893 pi
841 1821 910 1884 ix,
974 1835 1128 1893 quum
1171 1817 1425 1891 defluxisti
1448 1820 1627 1893 famae
1655 1821 1874 1894 majoris
1910 1821 1962 1877 in
1995 1841 2186 1878 amnem

295 1892 509 1950 liberior
531 1894 679 1951 laxos
695 1913 893 1950 exerces
915 1890 1070 1950 barbe
1087 1901 1310 1949 natatus.
1383 1893 1435 1949 T
1430 1913 1462 1948 u
1485 1893 1659 1949 melior
1683 1896 1863 1968 peffore
1891 1914 2011 1952 aevo
2022 1916 2047 1966 ;
2090 1894 2190 1953 tibi

303 1967 524 2040 contigit
547 1968 681 2023 omni
685 1967 987 2041 spirantum
1011 1986 1076 2024 ex
1097 1985 1306 2023 numero
1326 1985 1425 2022 aon
1453 1966 1956 2041 illaudatafhneffus.
2006 1974 2188 2029 Nescio

302 2060 365 2097 an
387 2045 507 2097 haec
526 2048 693 2098 onmia
716 2048 764 2096 in
788 2047 1044 2113 cyprinum
1062 2041 1271 2096 barbum
1285 2047 1613 2106 conveniunt,
1652 2046 1701 2096 in
1713 2047 1882 2114 primis
1904 2044 2023 2098 illud
2047 2046 2187 2117 quod

302 2136 389 2188 per
409 2120 525 2171 ostia
546 2119 627 2171 sex
658 2121 818 2170 Saravi
839 2121 1001 2180 fluvii,
1040 2116 1218 2187 quibus
1254 2121 1304 2168 in
1333 2116 1590 2170 Mosellam
1621 2121 1749 2180 exit,
1790 2117 1872 2171 ubi
1903 2119 2089 2190 scopuli
2119 2120 2185 2173 al-

304 2195 455 2244 veum
478 2192 725 2254 dividunt,
748 2204 796 2244 et
814 2189 1036 2246 fremitus
1057 2191 1113 2244 fit
1134 2195 1305 2259 ingens
1327 2208 1482 2262 aquae
1502 2195 1553 2245 in
1573 2189 1684 2245 illos
1702 2190 1967 2263 impastae,
1986 2192 2186 2249 eludlari

301 2265 491 2320 dicitur.
1134 2296 1135 2300 =

448 2334 696 2394 Albertus
706 2341 803 2391 VII.
822 2357 868 2409 p.
887 2349 912 2397 8
930 2356 968 2389 r.
981 2354 1021 2389 a.
1057 2350 1288 2408 expertus
1298 2338 1404 2390 sum
1418 2340 1467 2391 in
1479 2336 1586 2390 villa
1608 2357 1719 2393 mea
1732 2340 1870 2410 super
1880 2341 2185 2405 Danubium,

305 2412 390 2467 ubi
411 2415 515 2468 sunt
534 2413 773 2484 plurimae
794 2429 1030 2466 cavernae
1062 2415 1110 2465 in
1144 2416 1296 2469 muris
1322 2426 1371 2464 et
1395 2412 1659 2483 lapidibus,
1711 2415 1851 2486 quod
1879 2420 2021 2470 omni
2043 2433 2185 2469 fanno

304 2490 412 2559 post
449 2486 821 2560 aequinof'tium
865 2488 1087 2539 autumni
1120 2501 1483 2554 congregantur
1521 2485 1588 2540 ibi
1626 2489 1803 2558 pisces,
1845 2508 1974 2561 quos
2010 2483 2186 2559 vulgus

303 2557 553 2618 hm’bellos
583 2575 756 2624 vocat,
796 2573 844 2613 et
878 2563 929 2613 in
958 2573 1087 2615 tanta
1111 2564 1376 2631 quantitate
1410 2566 1738 2624 conveniunt,
1780 2564 1918 2634 quod
1955 2565 2193 2626 manibus

290 2641 582 2708 capiuntur:
631 2639 696 2689 ita
717 2634 856 2707 quod
875 2647 1103 2704 tempore
1134 2652 1253 2687 meo
1281 2632 1422 2687 fimul
1443 2632 1570 2689 bene
1601 2637 1751 2708 usque
1773 2638 1834 2690 ad
1857 2638 2033 2692 decem
2052 2639 2187 2710 plau-

293 2713 390 2765 -fira
412 2709 640 2766 manibus
660 2711 912 2777 ejecerunt
937 2707 1134 2761 'incolae
1155 2706 1267 2761 loci·
1353 2755 1358 2757 .
1475 2715 1478 2718 ’
2167 2708 2169 2710 ’

451 2782 682 2840 Gardm.
731 2779 1034 2839 Vincentius
1054 2786 1200 2834 XVII.
1228 2799 1331 2852 cap.
1360 2800 1442 2843 55·
1498 2779 1682 2836 Gurdo
1711 2785 1850 2854 piscis
1881 2787 1949 2840 est
1981 2785 2186 2839 fluvialis

303 2862 555 2929 gratiffimi
589 2859 769 2930 staporis
802 2854 1054 2910 vendefiae
1083 2854 1271 2918 fimilis,
1325 2855 1407 2908 sed
1435 2874 1524 2926 per
1566 2856 1799 2911 ruborem
1825 2860 2091 2913 oculorum
2127 2859 2189 2913 ab

283 2952 358 2988 -ea
379 2935 678 2987 discernitur.
754 2936 985 3002 Uterque
1007 2943 1177 2983 autem
1200 2929 1468 2983 mediocris
1499 2936 1778 3002 quantitatis
1804 2936 1885 2986 est.

450 3003 733 3061 Alburnus.
776 3001 1031 3078 Ausonius
1071 3005 1213 3058 versu
1243 3011 1360 3056 126.
1399 3002 1631 3059 alburnos
1663 3006 1892 3078 praedam
1924 3006 2191 3079 puerilibus

294 3082 456 3139 hamis
490 3096 648 3137 vocat.
725 3083 858 3135 Hinc
881 3077 1000 3134 nihil
1023 3076 1166 3150 plane
1189 3079 1372 3134 confici
1397 3079 1570 3148 potest.

1324 3155 1363 3206 Β
1408 3169 1438 3205 2
2005 3148 2190 3209 Gobio,

2239 1674 2322 1720 No.
2353 1689 2419 1734 14.

2239 2795 2320 2839 No.
2344 2809 2358 2839 ι
2367 2802 2404 2856 ’5,

2241 3021 2321 3064 Ne.
2346 3035 2409 3078 ¹9·
