2571 3775
2194 323 2216 367 3
2226 321 2289 371 43

601 423 1465 496 OBSERVATIONES
1538 429 2046 500 CRITICAE.

357 562 764 673 (Quaecunque
782 561 921 630 posui
936 560 1211 616 Aristotelis
1236 561 1343 618 loca
1358 602 1372 627 ,
1410 568 1668 634 praecipue
1690 583 1751 617 ex
1773 567 1983 618 Historia
2006 562 2292 618 animalium

504 651 750 704 excerpta,
770 639 937 688 omnia
959 635 1233 690 fideliffime
1246 639 1353 691 sunt
1372 657 1433 691 ex
1447 637 1804 707 verbis-graecis
1819 638 2032 708 expressa
2045 642 2126 697 ita,
2147 652 2199 688 ut
2210 651 2291 690 aut

357 704 538 762 Gazae
560 709 834 763 verfionem
862 709 1176 773 adhiberem,
1214 726 1294 766 aut
1320 712 1354 766 fi
1381 711 1506 767 forte
1538 712 1615 765 illa
1644 713 1834 765 sensum
1861 711 2010 782 paulo
2040 710 2293 781 obscurius

357 783 606 845 redderet,
639 785 739 854 ipse
768 788 1037 837 accuratius
1058 785 1343 840 sententiam
1362 787 1574 841 aridioris
1598 787 2021 858 repraesentarem.
2095 781 2293 836 Lecffio-

354 874 442 908 nes
473 875 553 909 eas
583 856 765 929 ubique
792 859 985 911 secutus
1015 860 1120 911 sum
1141 897 1154 922 ,
1219 880 1338 932 quas
1376 862 1626 916 Codicum
1662 865 1970 932 optimorum
2007 857 2293 931 audioritate

351 928 619 984 lefioribus
646 931 1023 1000 intelligentibus
1058 935 1346 1005 approbavit
1374 955 1588 1006 nuperus
1621 934 1899 988 Aristotelis
1917 938 2152 1003 interpres
2174 929 2292 984 Gal-

353 1002 428 1057 lus
451 1003 667 1074 Camn5;
708 1011 789 1059 cui
815 1006 964 1060 ficubi
990 1007 1196 1061 affentiri
1226 1029 1329 1064 non
1367 1014 1538 1080 potui,
1574 1024 1656 1062 aut
1686 1008 1719 1063 fi
1749 1008 1920 1061 locum
1952 1007 2165 1079 aliquem
2193 1005 2294 1059 fine

352 1085 670 1134 annotatione
699 1095 783 1133 aut
809 1080 1119 1135 corrediione
1148 1087 1472 1137 transmiserat
1502 1098 1817 1154 corruptum,
1859 1081 2115 1149 diligenter
2146 1098 2200 1131 ea
2231 1080 2294 1132 de

352 1172 406 1206 re
426 1153 662 1208 lectorem
684 1155 936 1208 admonui.
1012 1160 1066 1207 In
1095 1156 1219 1210 locis
1239 1173 1402 1211 autem
1432 1163 1599 1221 certis,
1633 1177 1725 1210 nec
1755 1156 1904 1209 ullam
1928 1156 2292 1208 dubitationem

351 1226 669 1291 habentibus,
704 1229 943 1283 lefflorem
967 1249 1132 1283 rerum
1154 1246 1353 1284 naturae
1373 1237 1616 1285 intentum
1656 1231 1794 1285 nolui
1825 1231 2005 1282 diutius
2037 1230 2293 1281 immorari

351 1306 529 1357 criticis
548 1304 978 1372 disputationibus3
1013 1304 1093 1356 sed
1129 1310 1413 1378 quicunque
1443 1308 1505 1360 cle
1534 1305 1762 1359 le6³ti011is
1793 1308 2020 1358 varietate
2050 1302 2206 1373 aliqua
2237 1305 2287 1355 in

348 1378 601 1445 posterum
625 1377 707 1448 ipsi
729 1377 943 1443 judicare
971 1377 1240 1442 voluerint,
1281 1380 1523 1450 philologi
1554 1383 1804 1450 inprimis,
1854 1379 1974 1430 dum
2006 1381 2179 1431 veteris
2201 1375 2290 1427 ali-

348 1456 487 1504 cuius
519 1452 760 1522 scriptoris
790 1451 960 1506 locum
987 1453 1051 1506 de
1079 1455 1283 1523 piscium
1315 1469 1483 1508 natura
1511 1455 1785 1507 tradentem
1808 1457 2211 1522 interpretantur,
2252 1450 2288 1502 ii

347 1528 573 1577 criticum
593 1540 877 1595 apparatum
898 1546 1104 1579 omnem
1126 1528 1358 1584 editionis
1382 1547 1595 1600 nuperae
1618 1526 1834 1580 Gallicae
1855 1530 1904 1578 in
1926 1524 2179 1578 confilium
2201 1523 2291 1575 ad«-

348 1598 603 1651 hibebunt.
680 1599 927 1654 Abioluto
949 1601 1154 1654 demum
1175 1604 1274 1655 hoc
1304 1603 1470 1657 libello
1491 1601 1674 1672 Lipfiae
1699 1600 1848 1653 incidi
1868 1605 1917 1652 in
1939 1601 2184 1653 Codicem
2204 1601 2284 1650 Bi-

347 1671 624 1726 bliothecae
662 1674 915 1736 Paulinae,
968 1680 1051 1746 qui
1087 1690 1306 1729 veterem
1354 1673 1597 1738 leomae,
1656 1679 1727 1727 uti
1760 1688 1960 1744 putant,
2007 1672 2284 1744 verfionem

345 1751 473 1800 notis
495 1746 869 1820 quamplurimis
898 1762 946 1800 et
978 1749 1256 1803 difficilibus
1287 1751 1393 1803 satis
1416 1752 1637 1820 scriptam
1664 1753 1714 1800 in
1740 1747 2037 1800 membranis
2060 1744 2283 1799 habebat.

343 1825 487 1889 Qae
512 1841 624 1873 cum
650 1828 715 1873 ex
730 1840 911 1889 graeco
932 1820 1053 1876 fadia
1075 1820 1153 1885 fit,
1192 1838 1240 1876 et
1265 1823 1407 1876 verba
1436 1823 1614 1891 fingula
1645 1822 1801 1875 latinis
1829 1821 2122 1881 reddiderit,
2161 1822 2287 1871 anti-

344 1896 557 1965 quiffimi
577 1896 783 1948 Codicis
805 1899 969 1963 graeci
995 1897 1148 1948 fidem
1175 1911 1320 1967 atque
1349 1897 1689 1951 auc‘loritatem
1718 1894 1857 1948 facile
1883 1894 2127 1948 obtinebit
2151 1892 2283 1962 apud

332 1968 555 2022 -ledlores
590 1968 929 2035 intelligentes.
1024 1974 1166 2023 Hanc
1199 1975 1346 2038 igitur
1374 1971 1630 2039 diligenter
1660 1973 1942 2039 comparavi
1974 1988 2090 2021 cum
2120 1966 2283 2019 verbis

344 2047 529 2111 graecis
550 2042 857 2104 Aristotelis,
897 2062 988 2096 nec
1020 2063 1103 2097 me
1131 2050 1352 2115 poenitet
1382 2064 1577 2116 operae.
1669 2043 1904 2097 Plurimas
1938 2047 2068 2094 enim
2101 2058 2284 2112 easque

344 2122 563 2186 egregias
582 2116 818 2170 ledliones
841 2118 954 2170 inde
977 2120 1245 2189 expiscatus
1267 2122 1401 2185 sum,
1441 2134 1629 2190 praeter
1652 2137 1732 2171 eas
1761 2137 1878 2190 quas
1901 2115 2071 2170 Gallus
2096 2113 2282 2169 Camus

343 2210 407 2244 ex
436 2191 609 2244 eadem
636 2195 734 2257 jam
763 2206 1104 2256 annotaverat,
1155 2194 1234 2246 sed
1260 2198 1407 2248 nimis
1437 2212 1584 2264 parce
1615 2207 1698 2246 aut
1723 2193 2026 2262 negligenter
2058 2188 2278 2260 inspeff'ta.

345 2265 602 2338 Qiicquid
628 2270 779 2333 igitur
806 2266 922 2319 inde
949 2265 1109 2321 bonae
1141 2266 1292 2337 frugis
1325 2268 1650 2337 collegeram,
1684 2281 1732 2320 et
1756 2286 1874 2339 quas
1904 2267 2105 2335 piscium
2129 2265 2282 2315 histo-

341 2344 466 2392 riam
487 2339 755 2392 naturalem
770 2353 818 2392 et
836 2339 1094 2395 literariam
1114 2341 1341 2409 adjuvare
1361 2342 1528 2414 aliquo
1547 2342 1706 2395 modo
1728 2357 1875 2414 atque
1897 2340 2125 2393 illustrare
2145 2335 2280 2406 poffe

342 2413 576 2484 putabam
597 2413 821 2466 lediionis
833 2419 1100 2479 varietates,
1123 2435 1204 2470 eas
1223 2436 1400 2471 omnes
1414 2416 1641 2470 collectas
1664 2415 1952 2484 subjungere
1973 2414 2052 2465 hic
2067 2410 2280 2465 etledlo-

340 2488 473 2540 ribus
492 2492 671 2614 fcriticis
690 2488 975 2554 judicandas
997 2490 1186 2545 tradere
1207 2490 1359 2554 volui,
1395 2510 1457 2546 ne
1479 2490 1604 2545 boni
1621 2495 1897 2563 interpretis
1917 2489 2090 2544 officio
2110 2484 2205 2540 ulla
2227 2488 2278 2537 in

344 2581 395 2616 re
427 2562 488 2615 de
512 2562 628 2615 uiffe
651 2562 856 2616 viderer.

668 2678 736 2726 Ad
766 2698 858 2745 pag.
884 2698 946 2737 14.
1651 2679 1743 2728 'Ad
1761 2697 1855 2746 pag.
1878 2690 1937 2732 18.

410 2747 637 2794 Trichiam
674 2751 717 2794 in
744 2749 844 2796 loco
863 2751 921 2794 H.
944 2752 994 2795 A.
1016 2752 1070 2796 V.
1093 2762 1131 2806 9.
1161 2760 1276 2796 vetus
1410 2747 1562 2795 Verfio
1600 2747 1783 2795 leonzae
1816 2745 2275 2806 accuratiffimevquan-

347 2814 531 2860 leomae
581 2815 714 2863 verfio
775 2821 1063 2880 interpretatur
1113 2815 1272 2863 sardile.
1342 2833 1468 2881 quam
1516 2821 1626 2863 notis
1664 2815 1887 2880 perscripta
1932 2819 1975 2861 in
2017 2812 2273 2859 membranis

343 2881 487 2928 Gallus
543 2884 696 2930 Comus
751 2903 801 2932 ex
853 2884 999 2933 eadem
1059 2888 1273 2932 annotavit
1340 2884 1613 2948 Lipfienfibus
1645 2883 1836 2931 dissindte
1863 2884 2007 2930 habet:
2052 2881 2106 2941 est
2137 2888 2274 2924 autem

341 2947 538 3006 fardella3
565 2969 649 3015 quo
671 2953 878 3000 vocabulo
899 2952 1016 3001 usam
1038 2957 1201 3018 reperio
1225 2956 1270 2999 in
1338 2950 1435 2998 llaec
1457 2953 1562 3015 afya
1581 2956 1793 3016 genitura
1814 2954 2086 2998 menidorum.
2154 2947 2274 3009 Legit

337 3018 399 3063 H.
428 3022 476 3063 A.
499 3021 613 3066 vul.
637 3038 690 3080 ¹3-
710 3019 784 3072 sed
808 3025 854 3071 in
874 3025 934 3070 H.
955 3026 1006 3072 A.
1026 3025 1098 3070 V1.
1117 3037 1173 3081 ις.
1201 3024 1269 3069 tri·
1338 3038 1461 3085 ergo:
1511 3019 1610 3069 ἔστι
1651 3013 1694 3069 δὲ
1722 3013 1842 3076 οἳύτη
1889 3013 2015 3076 ’γένος
2054 3006 2272 3080 μαινίδων-

334 3086 437 3147 kyas
456 3086 594 3135 habet.
1336 3093 1538 3139 Ceterum
1564 3089 1811 3155 particulam
1841 3086 1905 3138 νῦν
1935 3103 2095 3154 praeter
2126 3079 2266 3133 Medi-

2142 3165 2267 3200 ceum
