2571 3775
250 469 498 529 Aibertus
514 473 688 524 XXIV.
704 485 751 538 p.
778 485 899 533 24¹·
918 483 960 518 a.
999 465 1196 517 Aranea
1219 463 1366 534 piscis
1396 465 1466 518 est
1486 466 1706 520 marinus
1742 468 1918 538 spicula
1949 469 2134 526 habens

254 552 306 601 in
325 546 519 600 auribus
544 542 905 603 branchornm,
937 538 1116 613 quibus
1135 543 1534 610 approximantes
1557 545 1779 610 percutit.
1857 545 2005 598 Vides
2037 550 2130 614 igi-

252 636 330 674 tur
350 616 674 688 Jfidorumet
707 611 977 669 Albertnm
1005 614 1188 667 eodem
1221 614 1382 667 modo
1411 632 1648 666 araneum
1681 613 1981 679 describere,
2029 638 2133 688 quo

250 690 459 749 Plinius
479 690 763 742 draconem.
853 688 948 741 Sed
971 702 1137 758 aperte
1158 683 1370 741 Plinius
1389 686 1450 740 ab
1470 706 1650 741 araneo
1672 689 1943 743 draconem
1965 691 2133 744 distin-

249 772 350 828 xit,
413 782 564 834 quem
605 763 822 816 eundem
848 760 1038 815 faciunt
1069 757 1400 816 Bondeletius
1433 776 1483 814 et
1509 759 1800 817 Salvianus.
1881 769 2133 820 Praeterea

248 859 365 893 cum
396 838 612 890 dracone
646 837 706 890 ab
726 834 932 891 Aeliano
960 836 1205 905 descripto
1237 855 1339 888 non
1368 841 1603 889 convenit
1631 838 1942 908 squamarum
1973 837 2000 892 f
2042 859 2134 893 ‘ma

246 917 298 967 in
324 911 588 965 Gallorum
614 909 671 965 V
669 909 782 977 iva,
818 925 872 964 ut
888 914 1084 979 monuit
1113 909 1239 963 olim
1257 907 1411 964 Com:
1435 907 1627 981 Gesner
1645 912 1861 983 Aquatil.
1885 932 1931 983 p.
1952 859 2053 980 9&

405 979 811 1058 Καλλιῶνυμος,
846 990 874 1037 i.
898 1004 938 1038 e.
969 983 1181 1038 Pulchro
1215 988 1420 1037 nomine
1452 983 1661 1051 insignis.
1715 984 2126 1062 Ουραμοσκὸπος,

244 1062 271 1110 ί.
293 1077 335 1111 e.
375 1059 496 1113 caeli
528 1059 791 1129 spediatom
829 1060 1010 1112 sursum
1031 1060 1278 1128 aspiciens.
1349 1053 1732 1133 Ημεροκοίτης,
1778 1064 1864 1131 qui
1885 1080 1972 1130 per
1996 1063 2129 1116 diem

242 1133 454 1196 dormit,
492 1134 609 1186 hinc
630 1133 752 1187 latro
774 1137 926 1186 etiam
947 1136 1011 1185 ita
1034 1133 1239 1193 dicitur,
1280 1144 1329 1183 et
1354 1131 1631 1201 vespertilio
1660 1133 1793 1186 idem
1815 1153 2003 1188 nomen
2023 1155 2128 1190 me-

242 1222 388 1260 retur.
456 1214 642 1287 Aryyog,
680 1211 775 1260 ize.
815 1210 985 1261 castus.
1066 1201 1364 1276 Aristoteles
1391 1210 1453 1257 H.
1476 1208 1538 1258 A.
1567 1211 1622 1258 II.
1651 1225 1730 1266 ις.
1792 1207 2131 1276 Callionymus

243 1279 454 1348 (Gazae
468 1282 701 1351 pulcher)
722 1280 785 1335 fel
806 1286 856 1334 in
883 1283 985 1352 ipso
1005 1284 1171 1347 jecore
1191 1280 1339 1342 adest,
1359 1277 1499 1333 fellea
1511 1280 1664 1333 vefica
1684 1301 1776 1352 pro
1798 1288 2033 1353 portione
2054 1303 2131 1338 re-

242 1354 364 1427 liqui
387 1361 608 1427 corporis
629 1361 859 1410 omnium
877 1357 1083 1426 piscium
1103 1358 1395 1407 maximum.
1470 1351 1681 1408 Plinius
1709 1375 1787 1419 32.
1810 1376 1911 1428 cap.
1940 1377 1987 1422 7.
2009 1359 2144 1414 nulli.

240 1428 305 1482 fel
323 1432 530 1500 piscium
549 1430 820 1500 copiosius,
860 1445 913 1482 ut
934 1428 1510 1483 existimavitMenander
1521 1447 1722 1502 quoque
1743 1435 1793 1483 in
1816 1434 2127 1488 Comoediis.

242 1504 382 1557 Idem
413 1506 559 1575 piscis
595 1520 643 1558 et
677 1505 1008 1575 uranoscopus
1039 1517 1243 1557 vocatur
1273 1501 1334 1556 ab
1358 1502 1510 1556 oculo
1535 1521 1685 1575 quem
1708 1509 1759 1557 in
1782 1510 1943 1576 capite
1967 1506 2128 1577 habe-t.

240 1581 528 1651 Utrumque
548 1598 736 1634 nomen
756 1582 918 1648 jungit
937 1583 1118 1633 iterum
1149 1596 1251 1648 cap.
1283 1598 1300 1628 1
1323 1597 1362 1629 1.
1437 1582 1635 1631 Locum
1663 1576 1952 1649 Aristotelis
1975 1580 2127 1650 longe

240 1652 485 1705 diversum
509 1672 534 1706 a
561 1653 761 1722 vulgato
783 1653 946 1707 laudat
966 1650 1213 1712 Aelianus
1243 1656 1366 1704 XIH.
1390 1669 1439 1715 4.
1487 1652 1635 1705 tradit
1666 1658 1798 1707 enim
1831 1673 1895 1708 eo
1925 1654 2127 1711 audlore

238 1725 304 1780 fel
335 1727 652 1795 Callionymo
685 1729 944 1798 copiosum
971 1732 1021 1780 in
1056 1727 1232 1780 dextro
1263 1729 1500 1793 jecinoris
1531 1725 1653 1780 lobo
1685 1727 1917 1792 insidere,
1966 1732 2125 1802 ipsum

241 1821 361 1856 vero
390 1805 528 1870 jecur
560 1807 609 1855 in
631 1802 770 1856 laevo
792 1802 940 1856 latere
962 1802 1056 1856 effe
1085 1800 1243 1854 situm.
1318 1801 1513 1854 Deinde
1548 1800 1718 1856 locum
1747 1801 2032 1860 Menandri
2063 1825 2127 1860 ex

238 1877 470 1929 Messenia
504 1867 770 1931 com'oedia
808 1880 974 1947 ponit,
1024 1875 1274 1947 aliumque
1313 1893 1376 1927 ex
1405 1889 1551 1947 poeta
1586 1873 1900 1950 Anaxipp0‚
1943 1884 2027 1952 qui
2061 1879 2128 1934 fel

241 1949 564 2018 Collionymo
601 1953 865 2021 copiosum
909 1950 1002 2004 effe
1054 1951 1365 2003 confirmant.
1491 1949 1737 2005 Plurimos
1777 1953 1910 2006 addit
1944 1973 2126 2023 negare

236 2026 421 2096 piscem
448 2025 549 2077 esui
571 2025 678 2078 effe.
744 2023 1068 2080 Xenocrates
1087 2025 1150 2077 de
1164 2023 1422 2078 Alimento
1449 2042 1548 2090 ας).
1587 2027 1982 2097 uuranoscopum
2000 2032 2126 2083 inter

239 2099 368 2152 male
392 2100 532 2153 sanos
556 2100 705 2169 pisces
726 2097 882 2152 refert.
957 2104 1145 2152 Littora
1167 2097 1472 2170 frequentare
1495 2117 1609 2150 cum
1631 2099 1825 2172 reliquis
1842 2101 2122 2156 saxatilibus

241 2178 320 2226 ait.
377 2173 748 2240 Callionymum
778 2171 1065 2242 Aristoteles
1086 2177 1205 2225 VIII.
1239 2191 1317 2233 13.
1410 2173 1698 2244 Antequam
1722 2175 1788 2226 nd
1822 2173 2124 2247 Oppianum

235 2248 535 2319 progredior
553 2267 707 2318 pauca
731 2248 793 2300 de
813 2239 1133 2301 Plinifflocis
1162 2244 1411 2298 monenda
1435 2245 1609 2300 habeo.
1708 2254 1837 2301 Eum
1866 2255 1931 2302 ita
1962 2250 2123 2304 laudat

243 2320 303 2377 V
304 2320 549 2376 incentivas
570 2327 720 2376 XVII.
747 2340 848 2391 cap.
873 2340 956 2387 99.
1042 2321 1392 2389 Uranoscopus
1425 2335 1628 2373 vocatur
1661 2321 1722 2375 ab
1752 2322 1931 2387 oculo,
1971 2344 2122 2398 quem

236 2400 289 2450 in
314 2401 473 2466 capite
499 2395 670 2459 habet,
702 2415 730 2449 a
759 2414 861 2467 quo
882 2394 1042 2448 subter
1054 2408 1102 2447 et
1122 2395 1259 2464 supra
1285 2393 1512 2447 intendit.
1589 2394 1712 2451 Alio
1733 2402 1939 2452 nomine
1955 2396 2123 2470 gallio

237 2485 562 2541 nuncupatur.
647 2474 778 2523 Hinc
802 2484 997 2540 apparet
1016 2488 1111 2539 pro
1134 2469 1431 2534 callionymo
1453 2468 1583 2522 aliud
1612 2470 1734 2525 olim
1760 2475 1812 2524 in
1828 2469 1998 2527 Plinii
2020 2477 2124 2528 Co-

237 2544 425 2598 dicibus
449 2543 610 2612 legiffe
638 2541 700 2599 V
694 2542 990 2605 incendam,
1027 2544 1242 2597 eundem
1264 2543 1357 2595 esse
1384 2544 1590 2611 piscem,
1630 2564 1781 2617 quem
1806 2546 1942 2601 idem
1963 2567 2003 2600 c,
2037 2554 2118 2608 56.

237 2639 301 2674 ex
327 2618 529 2673 auc‘lore
550 2619 611 2671 de
635 2634 803 2672 natura
825 2637 990 2671 rerum
1004 2634 1233 2688 granum
1255 2616 1476 2687 appellat.
1554 2616 1794 2684 Granm,
1832 2625 2018 2695 inquit,
2053 2624 2121 2677 est

234 2695 378 2765 piscis
401 2697 646 2755 marium,
681 2697 763 2765 qui
796 2707 965 2746 contra
985 2706 1207 2744 naturam
1239 2695 1468 2745 omnium
1491 2693 1782 2754 animalium
1812 2714 1968 2750 unum
1998 2716 2123 2749 ocu-

234 2769 341 2821 lum
371 2773 420 2821 in
448 2768 645 2821 summo
674 2771 843 2838 capitis
877 2766 1048 2829 habet,
1112 2784 1215 2838 quo
1247 2766 1386 2835 super
1416 2767 1674 2822 intendens
1705 2770 1895 2841 semper
1930 2770 2120 2824 infidias

234 2857 381 2896 caret.
455 2847 585 2895 Hinc
606 2843 687 2895 sua
711 2843 855 2895 duxit
873 2835 1119 2895 Albertus
1139 2845 1314 2893 XXIV.
1334 2859 1379 2909 p.
1406 2857 1527 2904 243.
1551 2860 1592 2894 a.
1677 2846 1905 2898 Gramon
1937 2846 2122 2915 piscem

234 2917 436 2988 quidam
471 2917 641 2970 dicunt
671 2920 922 2969 marinum
951 2918 1033 2986 qui
1061 2930 1251 2985 praeter
1284 2912 1648 2982 dispositionem
1676 2918 1881 2987 piscium
1913 2917 2121 2982 oculum

233 3010 393 3042 unum
413 2989 560 3043 habet
578 2995 627 3043 in
649 2992 881 3061 supremo
907 2992 1101 3059 capitiS,
1138 3008 1290 3061 quem
1315 2989 1504 3057 semper
1525 2987 1675 3041 habet
1704 3006 1928 3060 apertum
1959 3006 2013 3044 ut
2043 2996 2119 3045 in-

230 3064 369 3118 fidias
402 3078 700 3134 praecaveat.
793 3070 866 3117 Ex
908 3061 1142 3126 UraniO,
1202 3063 1265 3115 de
1296 3081 1399 3133 quo
1426 3062 1541 3115 vide
1576 3059 1769 3133 Gangiz‘
1802 3065 2119 3130 Glossarium,

231 3139 421 3194 videtur
449 3136 633 3193 fac‘lum
658 3136 893 3194 Granius
915 3135 1212 3192 etGramoe.
1249 3140 1524 3265 ODenique
1543 3136 1606 3190 de
1625 3139 1806 3194 eodem
1827 3141 1957 3213 pisce
1982 3140 2121 3267 loqilli

1338 3227 1367 3263 2
1996 3215 2072 3271 vel
2093 3234 2122 3270 e

2031 357 2134 406 107

2184 993 2268 1039 No.
2289 1010 2328 1041 2⁶
