2571 3775
1079 372 1373 394 “““““““““““““
2087 379 2187 427 305¹

238 493 453 565 alligari,
494 491 545 547 et
566 490 786 564 denique
819 486 1095 542 extrorsum
1121 498 1175 540 et»
1198 483 1402 561 paulum
1432 486 1699 541 retrorsum
1732 487 1968 544 directam
1992 488 2086 543 effe
2107 492 2188 544 ait.

241 574 400 623 Situm
421 572 778 636 regionemque
799 561 936 616 oculi
956 561 1162 614 definire
1191 564 1262 613 vir
1296 559 1487 613 illustris
1519 561 1695 616 omifit.
1771 568 1825 616 In
1858 565 2062 631 cyprino
2087 562 2190 617 bal-

240 644 347 697 lero
388 643 534 695 video
567 653 757 709 partem
789 637 916 693 hanc
949 639 999 688 in
1031 634 1179 689 latere
1218 633 1447 704 opposito
1485 635 1711 690 musculo
1752 636 2100 690 semicirculari
2135 651 2187 690 et

239 735 398 789 prope
415 732 598 768 uveam
617 711 824 783 pofitam
846 711 953 767 esse.
1028 708 1360 762 Muscularem
1383 722 1607 763 naturam
1636 711 1900 781 agnoscere
1923 729 2027 766 non
2048 710 2185 764 licuit

238 795 349 846 viro
370 788 560 850 illustri,
600 786 682 840 etfi
700 805 810 840 eam
831 787 967 839 nervi
987 784 1189 838 societas
1211 801 1416 852 arguere
1438 783 1675 837 videature

395 868 588 917 Partem
608 862 763 931 ipsam
782 879 808 914 a
828 857 1114 914 membrana
1144 861 1282 926 nigra
1305 873 1353 911 et
1382 856 1498 911 vasis
1522 857 1846 913 anterioribus
1868 860 2184 914 efformatam

235 952 285 993 et
305 937 521 1005 crystallo
543 954 788 989 annexam
817 938 869 990 in
895 938 1094 1005 cyprino
1114 931 1301 986 ballero
1324 949 1379 985 ea
1406 930 1563 986 forma
1591 934 1718 997 vidi,
1749 947 1802 986 ut
1824 953 1934 1005 pars
1959 929 2180 1001 crystallo

235 1012 436 1068 obversa
459 1011 599 1064 latior
624 1012 787 1064 verius
818 1010 1159 1062 membranam
1180 1011 1372 1075 nigram
1394 1011 1443 1058 in
1467 1024 1682 1061 acumen
1703 1022 2014 1071 excurreret,
2049 1007 2178 1061 nulla

233 1085 404 1142 fasciae
423 1084 745 1139 similitudine.
822 1082 1181 1155 Campanulam
1201 1079 1499 1151 appellarem
1512 1118 1527 1143 ,
1566 1080 1600 1135 fi
1620 1081 1741 1135 mihi
1764 1082 1826 1134 de
1847 1086 2050 1136 cavitate
2068 1101 2179 1152 par-

234 1165 295 1214 tis
323 1164 578 1215 anterioris
609 1158 789 1212 latioris
820 1160 1086 1218 constaret3
1141 1157 1297 1224 figura
1328 1169 1495 1208 tamen
1523 1155 1842 1227 campanulae
1871 1155 2177 1227 parabolicae

228 1235 422 1298 aderat,
455 1235 660 1307 vasaque
691 1236 861 1287 omnia
894 1251 957 1286 eo
987 1231 1166 1285 ordine
1197 1233 1247 1282 in
1278 1248 1334 1283 ea
1364 1229 1715 1293 decurrebant,
1753 1249 1906 1303 quem
1924 1234 2178 1284 annotavit

229 1306 476 1364 Hallerus
496 1313 548 1361 in
570 1313 630 1363 iis
653 1305 945 1376 generibus,
987 1304 1168 1377 quibus
1196 1302 1390 1357 fasciam
1419 1319 1666 1358 crenatam
1699 1304 1936 1359 adscribit.
2016 1307 2174 1375 Ipssim

230 1382 574 1454 campanulam
606 1402 722 1435 cum
745 1380 945 1452 ‘peciine
978 1383 1029 1433 in
1069 1378 1229 1434 oculis
1257 1383 1426 1432 avium
1455 1383 1593 1432 nervi
1621 1383 1778 1450 optici
1814 1381 1900 1433 fini
1933 1379 2174 1434 insistente

230 1462 559 1529 comparavit,
608 1460 696 1529 qui
730 1456 1026 1509 Hallerianas
1060 1453 1423 1508 observationes
1450 1457 1667 1525 repetiit,
1723 1453 1796 1508 Cl.
1825 1451 2170 1509 Blumet‘lbaclz

229 1534 412 1586 Histor.
441 1532 639 1586 natural.
675 1530 955 1601 Compend.
983 1548 1028 1600 p.
1052 1541 1171 1591 285.
1203 1528 1279 1582 ed.
1308 1531 1492 1581 tertiae.
1574 1533 1628 1580 In
1646 1533 1829 1599 cyprini
1852 1530 1986 1590 Jesae
2009 1528 2171 1583 oculis

231 1607 441 1661 eandem
460 1606 600 1678 plane
624 1603 860 1658 fabricam
877 1623 969 1658 nec
992 1603 1142 1657 ullam
1162 1601 1333 1656 fasciae
1353 1616 1576 1656 crenatae
1597 1601 1962 1656 similitudinem
1983 1607 2171 1674 reperi;

227 1682 333 1735 vasa
361 1683 455 1752 ipsa
485 1694 735 1754 quotquot
763 1676 1008 1733 Hallerus
1039 1681 1288 1732 annotavit
1315 1681 1367 1730 in
1397 1677 1661 1746 generibus
1690 1682 1774 1739 iis,
1816 1696 1944 1750 quae
1975 1676 2170 1731 fasciam

230 1754 408 1808 habere
440 1756 702 1816 dicuntur,
752 1754 935 1806 eodem
964 1752 1108 1823 plane
1138 1752 1313 1806 ordine
1340 1751 1676 1805 decurrebant.
1760 1752 2011 1805 Musculus
2044 1756 2171 1807 inter

227 1844 509 1898 argenteam
529 1844 576 1882 et
595 1832 785 1897 nigram
808 1827 1151 1881 membranam
1172 1825 1283 1881 fitus
1305 1844 1409 1879 non
1425 1825 1585 1880 solum
1614 1825 1753 1880 latior
1775 1827 1861 1880 sed
1881 1841 1931 1880 et
1954 1827 2172 1881 semicir-

228 1904 379 1957 culari
399 1907 555 1969 major
574 1918 686 1956 erat.
1570 1957 1574 1959 ,

376 1978 610 2031 Tandem
637 1991 691 2029 ut
720 1994 781 2029 ex
807 1974 1082 2027 discrimine
1111 1972 1417 2045 reIIquorum
1438 1974 1645 2044 piscium
1665 1973 1983 2045 campanulae
2003 1974 2173 2028 Halle-

229 2055 390 2105 rianae
419 2050 634 2106 formam
654 2050 895 2121 situmque
918 2049 1185 2111 discerem,
1221 2051 1389 2119 aperui
1416 2048 1546 2103 Gadi
1571 2047 1701 2102 lotae
1720 2048 1925 2110 oculos;
1964 2048 2169 2103 traciam

229 2130 461 2182 omnium
492 2124 806 2179 difficillimos
828 2162 842 2186 ‚
891 2138 1090 2194 propter
1119 2122 1379 2176 mollitiem
1400 2159 1415 2184 ‚
1471 2126 1749 2176 tunicarum
1780 2127 2088 2177 teneritatem
2117 2137 2169 2177 et

227 2200 365 2270 globi
385 2201 525 2272 ipfius
555 2218 755 2271 parvam
783 2197 986 2252 molem.
1061 2196 1345 2250 Musculum
1376 2195 1478 2250 fere
1510 2195 1837 2251 orbicularem
1867 2199 1990 2260 vidi,
2028 2203 2090 2251 ita
2115 2212 2169 2252 ut

228 2274 473 2330 circularis
508 2274 697 2328 formae
731 2275 841 2326 finis
871 2286 1078 2344 uterque
1110 2291 1265 2343 prope
1301 2275 1502 2325 coirent.
1578 2272 1674 2325 Sed
1703 2271 1824 2325 dum
1850 2275 1957 2343 post
1980 2273 2166 2326 diutur-

229 2369 347 2404 nam
379 2352 484 2404 fatis
514 2350 789 2403 humorum
834 2351 1211 2419 tunicarumque
1251 2351 1300 2399 in
1337 2350 1437 2399 vini
1471 2347 1637 2417 spiritu
1676 2352 2063 2402 macerationem
2094 2352 2169 2402 vi-

228 2439 392 2478 treum
420 2425 649 2493 detegere
677 2441 862 2484 conor,
925 2440 1043 2475 ecce
1068 2424 1313 2492 rumpitur
1347 2424 1489 2474 vitrei
1516 2424 1709 2483 tunica,
1766 2440 1859 2475 nec
1896 2421 1991 2476 ulla
2023 2426 2169 2493 potui

228 2503 418 2553 ratione
438 2501 694 2567 vestigium
715 2495 870 2550 ullum
887 2493 1055 2549 fasciae
1076 2510 1157 2548 aut
1181 2495 1346 2549 clavae
1371 2510 1454 2548 aut
1489 2495 1805 2566 campanulae
1825 2500 1876 2550 in
1898 2501 2054 2552 vitreo
2076 2498 2171 2550 hu-

229 2592 374 2628 more
405 2575 700 2645 conspicere.
774 2567 944 2624 Defuit
972 2569 1090 2624 alter
1121 2571 1286 2640 piscis,
1335 2574 1384 2622 in
1413 2588 1516 2642 quo
1545 2574 1946 2641 experimentum
1981 2577 2169 2627 cautius

230 2666 474 2718 caperem.
548 2654 601 2701 In
620 2664 762 2718 perca
790 2643 1006 2698 fluviatili
1035 2642 1227 2698 fasciam
1251 2641 1392 2715 plane
1419 2645 1566 2698 video
1593 2648 1643 2697 in
1665 2649 1908 2701 anteriore
1928 2662 2064 2717 parte
2084 2667 2172 2701 an-

231 2725 526 2792 {u‘iiorerm
563 2741 657 2794 qua
680 2718 898 2788 crystallo
919 2718 1164 2788 alligatur,
1203 2718 1494 2772 intermedia
1515 2722 1678 2780 tunica
1699 2723 1859 2788 nigra3
1896 2721 1978 2774 sed
2002 2737 2172 2776 crena-

231 2816 341 2850 rum
360 2813 442 2851 aut
463 2799 689 2850 dentium
710 2796 902 2862 vestigia
933 2793 1074 2864 plane
1101 2792 1230 2847 nulla
1251 2793 1433 2846 adsunt.
1509 2798 1561 2845 In
1584 2798 1786 2864 cyprino
1810 2794 1966 2848 blicca
1992 2811 2041 2849 et
2064 2815 2170 2864 ery-

229 2871 604 2942 throphthalmo
645 2873 806 2941 reperi
845 2867 1078 2921 fabricam
1113 2868 1309 2941 reliquis
1344 2871 1553 2939 cyprinis
1586 2887 1611 2921 a
1648 2886 1731 2921 me
1761 2874 2170 2924 commemoratis

227 2965 569 3000 communem.
654 2951 706 2998 In
741 2944 874 2998 lucio
907 2943 1123 2997 distantia
1157 2962 1185 2996 a
1213 2947 1349 2996 nervi
1383 2946 1584 2996 introitu
1616 2946 1666 2995 in
1694 2943 2000 2997 scleroticam
2035 2959 2083 2998 et
2117 2949 2172 3001 in

228 3025 435 3074 retinam
467 3018 761 3091 expansione
794 3017 954 3072 multo
989 3021 1146 3084 major
1179 3036 1329 3089 quam
1363 3021 1413 3071 in
1435 3020 1644 3087 cyprinis
1684 3017 1852 3079 dietis3
1894 3022 2030 3071 nervi
2059 3021 2175 3074 finis

181 3110 189 3117 “
227 3099 456 3169 utrinque
480 3100 529 3149 in
556 3113 768 3148 acumen
790 3093 943 3146 latum
964 3093 1263 3163 compressus
1285 3111 1347 3145 ex
1367 3091 1495 3145 linea
1516 3092 1661 3159 longa
1683 3090 1788 3144 alba
1811 3094 2172 3163 retinae'agno-

222 3170 382 3225 scitur.
479 3167 760 3233 Musculus‚
797 3172 850 3223 in
873 3172 1081 3241 cyprinis
1113 3167 1509 3231 semicirculariffi
1547 3185 1651 3222 non
1680 3165 1994 3241 amplediitur
2026 3185 2079 3235 ut
2110 3172 2164 3222 in

1199 3246 1294 3315 Qq
2075 3242 2171 3298 illis
