2571 3775
1051 392 1342 411 ”““““““““““““
2052 393 2155 441 281

209 511 414 577 οἱπλὲν,
453 512 683 566 omnium
713 522 878 563 tamen
897 505 1110 579 'piscium
1143 503 1346 576 fimplex
1375 506 1471 568 est,
1513 522 1639 578 quae
1671 504 1927 564 novissima
1957 515 2159 581 corpori

209 597 409 642 admota
431 589 511 640 seu
535 584 744 658 app‘ofita
763 585 843 636 est.
912 585 1019 635 Nec
1041 584 1173 634 enim
1197 580 1322 633 hanc
1343 579 1644 653 reliquarum
1668 581 2013 637 branchiarum
2037 585 2156 639 libe-

210 682 374 716 rarum
411 678 623 714 numero
662 656 1086 729 comprehendisse
1123 673 1242 707 eum
1291 669 1490 726 apparet
1520 659 1745 726 inprimis
1773 675 1837 710 ex
1868 675 1959 720 ec,
2017 661 2156 730 quod

209 738 618 791 commemoratis
663 733 817 804 ellopi
837 778 851 796 ‚
909 731 1147 800 synagridi
1207 747 1472 784 muraenae
1515 744 1564 783 et
1601 729 1845 799 anguillae
1865 769 1879 794 ,
1936 747 2154 804 quorum
2222 770 2245 791 „2

208 813 411 883 piscium
448 823 710 881 quaternae
746 811 974 880 utrinque
1001 804 1262 858 branchiae
1290 803 1532 881 simplices
1564 805 1695 867 sunt,
1753 807 1910 858 statim
1943 811 2154 876 opponit
2217 810 2229 859 ,ἲ

207 886 409 939 turdum
425 921 439 947 ,
476 902 704 954 peream,
739 882 902 952 glanin
923 894 972 935 et
993 884 1275 951 cyprinum,
1317 897 1444 951 quos
1469 877 1732 952 quaternas
1754 884 1982 952 utrinque
2009 880 2151 935 bran-

201 961 337 1012 chias
361 958 579 1028 duplices
608 956 906 1034 (δίστὸιχοι)
940 954 1120 1009 habere
1141 958 1231 1014 ait,
1267 968 1471 1025 excepta
1492 968 1658 1007 tamen
1679 958 1860 1007 extima
1883 956 1968 1008 seu
1990 957 2151 1011 novis·
2185 994 2194 1001 »

201 1033 333 1090 fima.
406 1037 651 1086 Novimus
685 1036 821 1084 enim
852 1049 1031 1084 omnes
1063 1034 1115 1082 in
1149 1046 1294 1099 perca
1327 1043 1375 1080 et
1407 1032 1610 1097 cyprino
1640 1043 1898 1101 quaternas
1923 1030 2147 1099 duplices
2183 1076 2187 1079 ⁴

203 1108 389 1170 adesse,
457 1109 667 1178 spuriam
696 1125 816 1160 vero
852 1106 934 1158 seu
962 1108 1184 1177 quintam
1213 1100 1745 1174 finiplicetri‘*“Atque
1775 1121 1836 1159 cx
1867 1103 1959 1156 hac
1987 1123 2149 1174 oppo-

201 1182 373 1238 fitione
398 1182 536 1236 fimul
558 1199 788 1253 apparere
804 1194 955 1251 puto,
990 1178 1237 1254 δίστοιχα
1264 1177 1349 1228 hic
1385 1175 1507 1228 nihil
1539 1176 1673 1228 aliud
1703 1175 1974 1245 fignificare
1998 1197 2148 1249 quam

201 1256 371 1324 διπλοῖ
392 1303 403 1322 ,
464 1277 569 1329 quo
607 1254 856 1309 vocabulo
883 1258 933 1306 in
963 1253 1161 1324 reliquis
1191 1249 1402 1320 piscibus
1442 1249 1697 1304 branchias
1730 1251 1949 1322 duplices
1977 1250 2141 1320 fignat,

202 1336 428 1384 Erratum
452 1335 596 1400 igitur
624 1328 713 1383 fuit
740 1348 768 1382 a
788 1346 898 1391 me,
933 1347 1049 1381 cum
1070 1326 1130 1379 ad
1153 1325 1490 1393 cartilagineos
1511 1330 1655 1396 partis
1685 1345 1932 1380 concavae
1967 1329 2145 1381 officu-

201 1405 367 1460 lorum
396 1404 754 1459 branchialium
784 1403 946 1456 radios
975 1419 1161 1455 vocem
1191 1400 1439 1478 δίστοιχω
1471 1398 1717 1453 referrem.
1817 1404 2004 1455 Verum
2041 1423 2144 1458 non

199 1479 451 1534 infitiabor
482 1475 800 1550 Aristotelem
834 1478 897 1531 de
933 1474 1151 1529 Partibus
1184 1480 1262 1527 IV.
1294 1493 1398 1544 cap.
1432 1493 1507 1536 ¹3·
1535 1474 1596 1527 de
1634 1494 1844 1529 numero
1885 1491 1934 1529 et
1975 1491 2142 1531 natura
2190 1516 2202 1541 ,7

200 1552 550 1608 branchiarum
582 1555 854 1607 tradentem
884 1550 1096 1604 breviter
1131 1547 1445 1617 subjungere:
1485 1546 1784 1621 novzffimam
1819 1548 1870 1603 in
1892 1548 2142 1621 plurimis
2164 1545 2203 1610 ff·

199 1627 288 1702 ff
302 1627 584 1701 simplicem.
661 1633 829 1699 Itaque
860 1627 956 1696 ipse
985 1626 1272 1679 sententiam
1303 1638 1445 1676 antea
1473 1622 1774 1694 propositam
1796 1643 1847 1677 re
1868 1629 2142 1679 accuratius

200 1703 499 1758 considerata
521 1700 919 1756 circumscribere
931 1698 1374 1772 etquodammodo
1395 1702 1689 1753 imminuere
1710 1698 1914 1751 voluiffe
1935 1700 2142 1753 videtur.

199 1781 329 1831 Nam
355 1779 415 1831 de
436 1779 610 1832 eadem
627 1776 856 1830 branchia
878 1789 1091 1845 utroque
1108 1778 1158 1825 in
1180 1771 1296 1825 loco
1320 1773 1601 1825 sermonem
1617 1773 1738 1833 fieri,
1773 1777 1853 1825 vix
1875 1772 2067 1828 dubito.

350 1854 544 1906 Eodem
573 1850 712 1905 fimul
743 1854 793 1903 in
823 1848 939 1903 loco
969 1846 1296 1915 Philosophus
1336 1846 1529 1898 caulam
1561 1849 1756 1898 numeri
1797 1845 2140 1903 branchiarum

199 1931 399 1994 majoris
427 1942 509 1981 aut
536 1928 762 1979 mimoris
795 1927 969 1992 repetit
1000 1940 1026 1973 a
1052 1921 1215 1974 calore
1246 1920 1426 1972 cordis.
1502 1924 1804 1991 Qiicunque
1834 1925 1966 1974 enim
1986 1924 2140 1992 pisces

200 2003 362 2074 plures
395 2017 444 2055 et
469 2000 690 2071 duplices
727 1998 934 2072 quidem
976 1994 1232 2048 branchias
1267 1991 1393 2046 naffii
1429 1990 1517 2046 fint
1541 2031 1556 2055 ,
1618 1998 1805 2061 majore
1844 1995 1938 2048 effe
1976 1997 2142 2051 cordis

205 2077 368 2131 calore
392 2114 407 2139 ‚
476 2074 679 2130 fortiore
720 2077 867 2141 igitur
903 2085 952 2125 et
991 2069 1227 2124 celeriore
1264 2066 1607 2120 branchiarum
1646 2083 1788 2124 motu
1825 2070 2047 2138 indigere
2077 2071 2138 2123 ad

202 2151 589 2220 refrigerandum
614 2148 776 2201 cordis
801 2146 1031 2199 calorem.
1107 2143 1328 2197 Eandem
1360 2141 1428 2195 ob
1462 2144 1651 2195 causam
1686 2144 1931 2214 quosdam
1957 2145 2139 2199 diutius

203 2242 335 2280 extra
356 2243 532 2297 aquam
556 2228 746 2284 vivere,
786 2224 871 2293 qui
896 2218 1147 2272 branchias
1176 2220 1433 2288 pauciores
1459 2231 1507 2269 et
1529 2220 1685 2285 magis
1704 2217 1888 2271 debiles
1911 2217 2139 2283 habeant,

159 2312 165 2317 '
203 2317 256 2355 ut
277 2299 533 2369 anguillas,
572 2313 620 2352 et
648 2301 930 2370 quicunque
951 2291 1249 2362 serpentibus
1273 2290 1448 2345 fim'iles
1467 2290 1581 2352 fint3
1615 2289 1983 2360 refrigeratione
2004 2297 2140 2349 enim

202 2375 358 2430 multa
391 2394 494 2428 non
529 2373 764 2441 indigere.
862 2373 1065 2439 Propter
1094 2371 1331 2435 exiguum
1358 2364 1706 2418 branchiarum
1741 2365 1965 2420 foramen
1999 2366 2141 2421 facile

204 2454 341 2523 aquis
361 2448 564 2501 turbatis
584 2448 810 2500 suffocari
847 2441 1080 2511 anguillas
1110 2443 1360 2494 annotavit
1382 2445 1444 2491 H.
1465 2441 1528 2492 A.
1556 2445 1597 2493 V
1601 2445 1676 2492 111.
1701 2458 1746 2493 2.
1821 2446 1999 2497 Verior
2019 2442 2142 2496 haec

204 2527 447 2596 postrema
466 2521 739 2576 observatio
765 2523 926 2589 priore
946 2515 1043 2570 fine
1064 2519 1203 2569 omni
1230 2512 1383 2567 dubio
1406 2518 1472 2569 est
1486 2515 1532 2580 ἕ)

357 2604 410 2650 In
440 2601 669 2652 omnium
703 2591 988 2646 animalium
1020 2589 1160 2642 calidi
1181 2590 1423 2656 sanguinis
1443 2587 1707 2658 pulmones
1739 2607 1820 2642 aer
1841 2590 2015 2642 cadem
2038 2589 2144 2644 ubi-

207 2692 306 2746 que
330 2677 404 2726 via
425 2671 719 2741 ingreditur3
762 2686 936 2721 verum
964 2669 1013 2718 in
1044 2662 1251 2736 piscibus
1273 2662 1437 2733 plures
1465 2676 1514 2715 et
1547 2663 1756 2716 diversae
1782 2666 1886 2716 viae
1908 2669 2145 2734 patentia
2195 2680 2199 2681 ’

205 2747 476 2801 branchias.
552 2751 605 2798 In
624 2744 887 2812 lampetrae
917 2744 1074 2810 capite
1101 2740 1296 2791 summo
1318 2735 1543 2790 foramen
1564 2738 1701 2790 ducit
1721 2756 1900 2809 aquam
1922 2739 1981 2790 ad
2003 2737 2146 2796 bran-,-

204 2823 364 2884 chias,
419 2825 656 2894 quoniam
687 2820 824 2889 piscis
853 2816 976 2868 dum
1022 2813 1243 2883 sugendo
1289 2811 1520 2865 adhaeret
1558 2816 1706 2881 petris
1746 2825 1828 2864 aut
1874 2812 2144 2874 maioribus

204 2895 418 2967 piscibus
467 2915 645 2967 aquam
691 2912 780 2947 ore
819 2894 1034 2960 recipere
1077 2907 1182 2943 non
1230 2887 1400 2958 potest.
1485 2889 1713 2952 Rajarum
1743 2904 1899 2954 genus
1936 2887 2148 2942 eandem

205 2989 388 3042 aquam
417 2974 621 3039 gemino
649 2969 757 3039 post
785 2965 962 3020 oculos
994 2960 1239 3018 foramine
1266 2959 1424 3032 posito
1442 2960 1672 3013 admittit.
1748 2960 1957 3013 Plurima
1980 2975 2147 3030 tamen

206 3047 411 3116 piscium
441 3064 550 3115 pars
582 3054 829 3113 receptam
857 3059 944 3094 ore
974 3056 1153 3110 aquam
1169 3034 1514 3089 branchiarum
1540 3048 1762 3103 apertura
1785 3034 1969 3097 reddit,
2009 3034 2148 3107 quod

203 3118 413 3173 festucae
446 3134 494 3171 et
531 3119 725 3172 leviora'
751 3133 970 3186 corpora·
990 3115 1129 3185 aquis
1162 3116 1434 3163 innatantes
1465 3109 1663 3167 docent,
1741 3113 1833 3175 (In
1871 3110 2149 3162 sturionum

203 3210 385 3265 genere
406 3193 582 3252 fimiles
604 3197 656 3248 in
676 3195 834 3263 capite
864 3204 919 3244 ut
938 3193 989 3244 in
1010 3191 1117 3256 rajis
1151 3201 1200 3239 et
1228 3185 1474 3257 lampetris
1508 3186 1611 3240 vias
1640 3201 1795 3258 aquae
1815 3183 2152 3311 admittenda}

1210 3262 1301 3315 Nn
2089 3276 2115 3312 a
2142 3310 2144 3312 .
