2571 3775
2032 346 2093 394 81

225 474 738 547 Channamssappellant
757 460 921 532 Cam,
957 465 1270 523 Maffilienies
1298 462 1521 528 Serruu.
1562 466 1848 520 Genuenses
1876 462 2096 538 Boluffl)‚

225 554 428 608 auclore
459 545 686 604 Beuo'nio
716 544 975 599 Observ.1.
1003 562 1082 605 30.
1203 538 1367 593 Refert
1405 545 1554 594 etiam
1592 535 1823 610 Fotskb‘l
1855 544 1904 590 in
1939 545 2098 592 Fauna

226 632 434 695 Aegypt.
484 642 529 691 p.
565 627 644 682 36.
688 619 910 680 labrum,
946 634 1100 688 quem
1137 613 1204 667 ibi
1247 614 1514 684 descripsit,
1566 616 1772 667 Graecis
1812 612 1962 665 hodie
2000 613 2096 666 dici

223 698 380 778 χάνῃ
432 695 513 747 sed
540 694 690 746 iidem
718 687 891 770 χαίρω)
914 689 1177 761 appellant,
1220 707 1372 759 quem
1411 683 1642 759 miska]
1658 706 1703 757 p.
1729 706 1814 751 74.
1857 684 2095 753 mugilem

225 780 434 826 chanum
454 767 673 838 appellat.
732 770 971 836 Scriptura
1001 761 1232 817 vocabuli
1249 767 1409 830 graeci
1434 767 1483 815 in
1506 761 1777 816 Codicibus
1803 764 1949 814 variat
1972 764 2095 811 inter

219 840 421 922 κάμνῃ,
467 837 693 919 χάνμος,
744 835 967 918 χάμηεῐ
993 832 1179 915 χάνος.
1256 837 1424 890 Hodie
1451 854 1629 890 omnes
1656 834 1757 889 fere
1787 835 2099 889 consentiunt

220 918 313 971 effe
345 915 608 969 Gallorum
634 917 846 969 Sarrum.
957 918 1010 965 In
1039 912 1156 964 loco
1190 907 1477 980 Aristotelis
1506 929 1570 962 ex
1597 914 1658 961 H.
1687 911 1751 962 Α.
1782 914 1896 961 VIII.
1920 927 1965 961 2.
2006 906 2092 961 ubi

220 991 408 1044 channa
438 989 693 1060 pisciculos
731 990 942 1040 insecuta
973 983 1300 1040 ventriculum
1332 986 1469 1053 saepe
1499 987 1674 1050 ejicere
1711 985 1919 1044 dicitur,
1952 981 2092 1054 quod

219 1065 527 1135 oesophagus
559 1068 684 1116 inter
713 1081 769 1116 os
798 1076 847 1114 et
871 1058 1196 1113 ventriculum
1227 1076 1330 1110 non
1353 1057 1494 1119 adlit,
1533 1056 1684 1110 versio
1710 1054 1917 1110 Alberti
1945 1055 2091 1109 habet

217 1135 463 1192 Huhame.
556 1138 726 1209 Atque
755 1155 816 1188 ex
845 1133 931 1188 illo
961 1137 1165 1187 nomine
1196 1131 1403 1184 demum
1432 1135 1613 1199 agnovi
1643 1131 1851 1200 piscem,
1895 1131 1957 1183 de
1988 1149 2090 1201 quo

216 1212 471 1283 scriptores
496 1210 683 1263 barbari
704 1225 804 1263 tam
826 1207 979 1262 multa
1001 1220 1223 1278 portenta
1249 1219 1466 1268 narrant,
1505 1219 1560 1258 ut
1582 1205 1760 1258 nescias
1781 1204 1912 1257 unde
1933 1202 2092 1257 fabula

216 1301 322 1340 orta
342 1284 485 1338 fuerit
503 1285 587 1337 nifi
608 1285 670 1337 ad
691 1283 932 1338 verfiones
957 1283 1247 1352 scriptorum
1266 1294 1490 1332 veterum
1511 1280 1790 1349 respexeris.
1872 1276 1930 1333 V
1930 1276 2095 1332 iucen-

214 1358 321 1414 tius
351 1364 497 1428 igitur
516 1364 659 1411 XVII.
681 1376 784 1428 cap.
831 1353 1015 1410 Altum
1044 1359 1267 1409 nominat
1292 1368 1338 1406 et
1358 1358 1482 1406 inter
1504 1368 1728 1406 cetaceos
1749 1353 1901 1423 pisces
1922 1371 2092 1406 recen-

212 1435 306 1495 set3
349 1429 586 1487 Albertus
606 1438 779 1486 XXIV.
800 1450 846 1501 p.
864 1448 930 1495 24
946 1449 983 1481 1.
1002 1446 1042 1481 a.
1119 1424 1336 1483 Hahmtc
1345 1445 1369 1496 ;
1404 1424 1832 1480 Bartholomaeus
1851 1426 2093 1494 Anglicus

215 1513 337 1561 XIII.
401 1527 446 1578 p.
483 1520 601 1568 582.
665 1500 905 1560 Habatue
950 1516 1229 1573 nuncupat,
1268 1515 1318 1554 et
1371 1501 1553 1554 disertis
1605 1500 1763 1554 verbis
1807 1497 2092 1570 Aristotelis

214 1580 394 1635 librum
420 1600 468 1646 7.
498 1577 673 1635 laudat.
755 1578 879 1632 Ride
900 1596 1033 1630 nunc
1055 1580 1256 1648 ineptias
1284 1590 1332 1628 et
1361 1589 1584 1646 portenta
1615 1574 1893 1628 seculorum
1923 1573 2092 1629 barba-

213 1656 410 1710 rorum!
472 1674 690 1728 quorum
721 1668 887 1708 tamen
930 1656 1175 1720 originem
1214 1649 1457 1719 indagaffe
1506 1663 1554 1703 et
1585 1664 1779 1718 gratum
1834 1648 2001 1724 animo
2043 1662 2091 1702 et

212 1730 328 1784 utile
356 1731 446 1783 est!

360 1804 591 1872 Ανθιόις,
652 1808 723 1867 ἴε,
778 1800 1006 1854 Anthias.
1082 1801 1287 1868 Proprie
1325 1798 1573 1851 'floridum
1616 1798 1803 1867 piscem
1843 1795 2093 1865 fignificat.
2177 1823 2186 1833 ·
2267 1824 2277 1836 ·

214 1875 498 1948 Aristoteles
537 1882 600 1929 H.
636 1878 701 1929 A.
739 1881 816 1930 VI.
855 1895 933 1938 17.
971 1872 1193 1943 aulopias
1227 1889 1379 1944 quem
1407 1871 1560 1943 aliqui
1581 1872 1805 1925 anthiam
1827 1871 2090 1942 appellant,

215 1954 389 2010 aestate
411 1955 551 2022 parit.
588 1949 676 2003 ubi
696 1947 855 2004 Gaza
886 1946 1167 2017 fimpliciter
1184 1944 1396 2018 sacrum
1418 1949 1662 2008 nominat,
1701 1951 1782 1998 IX.
1813 1966 1890 2010 37.
1965 1951 2088 2015 Qlo

213 2028 268 2078 in
289 2024 406 2079 loco
425 2024 614 2079 anthias
640 2026 723 2082 est,
758 2021 941 2075 nullam
966 2020 1036 2074 ibi
1054 2020 1268 2073 belluam
1288 2020 1381 2073 esse
1401 2017 1673 2074 confessum
1695 2022 1776 2072 est.
1849 2024 1970 2088 Qio
1987 2023 2087 2086 jam

217 2100 409 2154 indicio
438 2100 604 2151 secure
637 2099 972 2167 spongiatores
1002 2099 1282 2156 minantur,
1329 2108 1380 2146 et
1408 2095 1595 2146 sacrum
1625 2093 1759 2145 hunc
1796 2095 1981 2163 piscem
2016 2093 2086 2149 ob

214 2192 326 2227 eam
346 2192 453 2225 rem
474 2175 749 2225 nominant.
833 2175 982 2222 Hunc
1008 2167 1177 2221 locum
1201 2166 1443 2236 exscripsit
1469 2164 1750 2220 Atlleuaeus
1770 2173 1865 2221 VII.
1895 2187 1942 2237 p.
1964 2182 2086 2232 782.

213 2262 264 2301 et
284 2242 600 2301 Plutarchus
621 2246 682 2296 de
711 2243 913 2297 Solertia
935 2241 1252 2302 animalium3
1297 2242 1378 2294 sed
1407 2255 1582 2293 neuter
1614 2245 1858 2295 rationem
1890 2246 1962 2300 rei
1991 2246 2085 2295 mi-

213 2319 374 2374 rabilis
399 2320 567 2374 edidit.
643 2321 893 2371 Omnium
915 2318 1209 2386 ineptissime
1233 2311 1442 2370 Plinius
1463 2314 1631 2368 locum
1651 2315 1709 2368 ad
1734 2314 1904 2386 planos
1928 2318 2084 2386 pisces

214 2398 489 2463 generatim
510 2391 750 2446 transtulit
773 2397 853 2444 IX.
880 2409 983 2460 cap.
1003 2397 1102 2454 46.
1165 2395 1295 2442 Inter
1315 2387 1576 2456 gregatiles
1605 2391 1758 2458 pisces
1788 2387 1935 2443 refert
1956 2388 2084 2444 Ari-

200 2465 403 2541 stoteles
425 2473 503 2520 IX.
530 2485 632 2536 cap.
656 2484 701 2518 2.
738 2462 945 2519 Plinius
965 2469 1160 2517 XXXII.
1184 2483 1289 2532 cap.
1319 2481 1363 2514 2.
1397 2480 1460 2515 ex
1474 2460 1664 2516 Ouidio
1688 2463 1845 2527 tradit,
1863 2464 2084 2520 alithiam

215 2544 373 2597 infixo
399 2542 549 2594 hamo
574 2545 814 2593 invertere
831 2540 912 2607 ase,
959 2541 1199 2608 quoniam
1235 2537 1287 2591 fit
1316 2539 1366 2588 in
1399 2537 1542 2591 dorso
1573 2536 1820 2591 cultellato
1849 2542 1896 2591 ei
1930 2539 2081 2608 spina,

188 2635 372 2687 eaque
392 2615 574 2669 lineam
599 2614 890 2684 praesecare.
963 2611 1033 2664 Ibi
1064 2612 1282 2666 Codices
1312 2629 1490 2663 omnes
1516 2629 1632 2663 cum
1663 2611 1965 2666 editionibus
1999 2613 2082 2667 ha-

195 2691 336 2753 ,bent
357 2691 593 2760 scriptum
611 2687 800 2754 Pythias
826 2687 875 2738 id
898 2687 1054 2738 tradit.
1128 2686 1265 2738 Idem
1284 2686 1489 2737 infixam
1508 2683 1656 2739 hamo
1691 2700 1833 2739 etcet.
1871 2702 1954 2740 aut
1985 2685 2082 2742 Pi-

217 2761 409 2833 tlziafim
434 2759 601 2817 trudit
632 2758 759 2816 idem
793 2756 953 2829 infixo
987 2755 1132 2813 limtzo
1156 2773 1297 2812 etcet.
1325 2778 1441 2828 pro:
1480 2756 1728 2813 Anthium
1749 2759 1917 2814 tradit
1941 2756 2083 2815 idem.

215 2856 366 2909 quam
386 2836 652 2890 lectionem
683 2855 744 2889 ex
762 2829 1197 2908 Pfiiudo-Ovidio
1233 2834 1437 2886 restituit
1468 2829 1774 2887 Harduiuus
1803 2836 1886 2887 seu
1915 2839 2084 2904 potius

218 2909 372 2966 Cour.
405 2908 609 2983 Gesner.
647 2909 729 2962 Ille
753 2928 873 2962 vero
901 2908 1039 2961 versu
1059 2915 1144 2971 40.
1179 2906 1388 2960 Anthias
1408 2906 1485 2958 his
1506 2919 1648 2974 tergo
1672 2926 1798 2979 quae
1818 2928 1919 2961 non
1950 2910 2085 2963 videt

200 2990 368 3046 ‘utitur
390 2988 567 3045 armiS,
599 2987 702 3037 vim
735 2984 896 3053 spinae
933 2985 1172 3053 novitque
1192 2982 1338 3043 suae,
1376 2979 1610 3051 versoque
1641 2982 1842 3050 supinus
1875 3001 2084 3052 corpore

218 3059 315 3111 lina
356 3060 483 3112 secat
513 3060 770 3128 fixumque
813 3060 1060 3125 intercipit
1098 3055 1321 3108 hamum.
1432 3054 1526 3105 Sed
1566 3068 1814 3124 praeterea
1849 3059 1898 3107 in
1941 3061 2085 3127 Frag-

196 3147 391 3189 mento
426 3129 608 3189 Ovidii
636 3131 761 3196 alio,
811 3129 947 3203 quod
978 3126 1324 3201 Hieronymus
1358 3124 1596 3184 Columna
1634 3128 1790 3183 edidit
1819 3123 1891 3183 'ad
1923 3127 2087 3186 Etrrziz'

1265 3206 1308 3255 L
1900 3204 2090 3274 Phage-

2147 1848 2225 1892 No.
2237 1859 2275 1901 3.
