2571 3775
1062 391 1354 411 “““““““““““““
2065 395 2168 443 277

1063 415 1350 423 —0—--..—.-—-

421 512 473 561 In
497 500 937 576 acanthopterygiis
960 495 1048 556 eor
1075 504 1351 573 pei-icardio
1370 503 1659 568 includitur,
1698 507 1835 578 quod
1858 521 1989 577 parte
2010 504 2176 576 poste-

232 584 362 635 riore
384 583 681 652 praecordiis
706 581 789 631 seu
824 577 1176 646 diaphragmati
1210 579 1450 632 adhaeret.
1529 585 1887 649 Qiorundam,
1928 586 1976 633 in
2005 587 2174 651 primis

235 656 548 709 anarrhichae
579 653 710 723 lupi,
764 671 852 706 cor
885 649 1073 704 fibrillis
1105 657 1263 721 parvis
1296 669 1344 706 et
1373 653 1600 708 tenuibus
1636 653 1856 721 alligatur
1886 656 2193 723 pericardiol

232 729 549 796 Cartilaginei
572 741 741 780 contra
775 726 1034 796 pericardii
1066 731 1152 778 usu
1182 730 1378 789 carent3
1415 744 1545 782 certe
1568 727 1854 783 membrana
1878 765 1892 790 ,
1931 732 2009 780 cui
2031 729 2174 780 usum

234 804 368 859 hunc
399 804 633 870 affignare
666 800 853 864 licebit,
894 800 1033 854 nullo
1063 801 1222 855 modo
1257 800 1404 855 libera
1437 802 1613 857 faciem
1643 802 1854 873 pedioris
1889 806 2177 856 interiorem

235 877 443 932 obducit
473 875 800 947 musculisque
831 874 1156 929 ambientibus
1188 876 1432 931 adhaeret.
1530 882 1787 946 onniam
1817 895 1941 931 vero
1970 877 2178 946 piscium

233 965 403 1005 natura
421 955 487 1003 ita
509 964 787 1020 comparata
810 951 901 1013 est,
939 964 992 1003 ut
1015 950 1153 1004 cordi
1175 954 1346 1004 vicinia
1369 950 1620 1022 pulmonis
1642 970 1824 1005 nocere
1845 951 2067 1021 pondere
2088 951 2179 1003 suo

232 1026 316 1078 aut
349 1029 584 1093 contagio
614 1044 717 1077 non
746 1026 893 1093 poffit
917 1061 931 1086 ‚
988 1024 1125 1096 quod
1156 1029 1205 1077 in
1235 1025 1432 1096 reliquis
1457 1025 1751 1078 ⁴animalibus
1783 1026 2005 1080 accidere
2037 1024 2176 1085 solet,

233 1119 453 1171 quorum
476 1099 758 1153 corda-eam
785 1098 855 1151 ob
888 1099 1081 1150 causam
1110 1099 1365 1168 pericardii
1393 1099 1681 1152 membrana
1715 1101 1853 1151 firma
1880 1118 1905 1151 a
1927 1098 2180 1168 pulmoni-

233 1174 327 1226 bus
345 1175 731 1241 distinguuntur3
753 1172 868 1224 hinc
881 1176 930 1225 in
942 1173 1145 1241 piscium
1168 1173 1371 1244 quidem
1393 1178 1449 1226 iis
1469 1173 1749 1242 generibus,
1769 1192 1987 1245 quorum
2006 1170 2179 1243 pedus

234 1251 495 1316 angustum
521 1263 568 1300 et
588 1246 802 1317 partibus
827 1248 930 1299 satis
951 1247 1084 1299 duris
1108 1262 1511 1314 coagmentatum
1535 1251 1629 1311 est,
1665 1268 1751 1302 cor
1770 1247 2044 1318 pericardio
2070 1245 2182 1299 fim-

233 1321 362 1392 plice
396 1325 532 1375 tenui
565 1337 613 1374 et
645 1320 746 1374 fere
775 1320 1027 1390 pellucido
1058 1320 1351 1383 includitur3
1396 1336 1565 1376 contra
1597 1320 1683 1375 ubi
1714 1327 1893 1375 cavitas
1930 1321 2178 1374 thoracica

230 1396 443 1466 amplior
485 1396 650 1448 sedem
691 1395 831 1448 c'ordi
875 1395 1202 1448 commodam
1235 1411 1283 1448 et
1317 1410 1472 1449 tutam
1502 1396 1737 1467 praebet,
1794 1396 2124 1468 pericardium
2151 1412 2179 1446 a

235 1470 403 1540 pleura
436 1468 714 1522 distindium
747 1487 937 1539 ponere
965 1469 1127 1523 omisit
1153 1484 1335 1523 natura.
1415 1471 1780 1539 (Cartilagineis
1809 1469 2019 1540 piscibus
2038 1470 2180 1521 usum

234 1545 490 1615 pericardii
519 1544 725 1611 denegat
756 1547 906 1597 etiam
933 1541 994 1598 V
992 1541 1247 1616 ichazyr
1257 1563 1281 1613 ;
1318 1545 1406 1597 sed·
1421 1549 1470 1598 in
1494 1548 1586 1611 raja
1610 1544 1806 1598 duobus
1829 1543 2076 1596 canalibus
2094 1560 2182 1611 pa-

233 1633 425 1686 tentem
445 1623 498 1684 in,
520 1623 777 1671 cavitatem
797 1617 1073 1670 abdominis
1095 1623 1255 1688 pinxit
1277 1616 1345 1672 M
1345 1636 1488 1672 omo,
1565 1619 1829 1687 Anguillae
1847 1618 2199 1688 pericardium*

233 1695 407 1766 passim
436 1692 569 1745 fibris
592 1711 653 1745 ex
673 1696 810 1761 apice
831 1706 880 1744 et
904 1691 1133 1746 lateribus
1159 1693 1322 1747 cordis
1353 1698 1506 1746 enatis
1535 1693 1717 1761 alligari
1740 1696 1990 1748 annotavit
2009 1688 2183 1762 Peyer

233 1772 291 1836 ¹in
314 1763 432 1822 loli.
453 1764 513 1820 de
542 1763 785 1820 Muralto
807 1766 1150 1819 Vademecum
1168 1769 1454 1821 AnatomiC.
1477 1787 1522 1838 p.
1545 1770 1691 1840 384⁵.)

423 1881 600 1930 Forma
625 1876 789 1931 cordis
811 1875 973 1930 multo
993 1880 1148 1944 magis
1170 1879 1220 1928 in
1241 1875 1453 1946 piscibus
1477 1881 1702 1940 variatur,
1743 1895 1891 1949 quam
1915 1879 1966 1927 in
1982 1873 2181 1945 reliquis

239 1950 541 2004 animalibus.
601 1955 653 2002 In
672 1952 950 2003 universum
971 1969 1064 2019 pro
1083 1954 1271 2003 ratione
1305 1955 1527 2021 corporis
1557 1956 1725 2005 minus
1747 1954 1827 2005 est.
1906 1950 2000 2002 Sed
2033 1960 2181 2019 prout

237 2026 387 2095 pisces
406 2040 485 2078 aut
508 2029 727 2079 minores
749 2026 881 2088 sunt,
918 2039 999 2077 aut
1030 2038 1192 2077 aetate
1223 2028 1389 2078 minus
1421 2025 1639 2095 provec‘fi
1675 2041 1722 2078 et
1742 2022 1970 2095 perfe6'ti‚
2006 2042 2068 2077 eo
2093 2040 2183 2074 cor

236 2103 396 2166 majus
414 2099 594 2152 habere
622 2119 713 2170 pro
746 2103 936 2153 ratione
972 2102 1197 2169 corporis
1227 2103 1550 2168 reperiuntur.
1629 2103 1828 2171 Cyprini
1858 2101 2052 2166 magni,
2097 2098 2182 2167 qui

247 2194 331 2236 10,
357 2192 474 2237 572.
501 2192 647 2242 grana
678 2175 900 2244 pondere
932 2177 1154 2244 corporis
1182 2173 1447 2244 aequabat,
1506 2194 1594 2228 cor
1633 2194 1693 2237 13
1724 2191 1869 2243 grana
1900 2192 2002 2226 non
2037 2188 2187 2224 exce-

242 2248 400 2302 debat.
438 2275 441 2278 ·
478 2253 532 2300 In
554 2248 832 2302 minoribus
861 2247 1068 2319 piscibus
1099 2246 1330 2302 rivalibus
1351 2249 1557 2319 ponderi
1580 2252 1808 2319 corporis
1833 2254 1902 2301 66
1924 2265 2097 2316 grana,
2129 2248 2182 2296 in

242 2323 396 2376 alte-ro
435 2341 561 2387 154,
601 2327 651 2374 in
684 2327 830 2376 tertio
867 2341 965 2386 203
1007 2326 1262 2394 aequanti,
1314 2342 1403 2376 cor
1432 2323 1756 2394 respondebat
1787 2322 2008 2394 pondere
2049 2321 2186 2390 grani

205 2401 215 2409 *⁴
242 2402 418 2461 unius,
453 2400 504 2449 in
528 2396 680 2451 altero
700 2402 838 2465 grani
856 2397 1074 2460 dimidii,
1108 2401 1157 2449 in
1187 2401 1332 2452 tertio
1354 2401 1631 2466 granicum
1656 2398 1847 2451 decima
1868 2410 2017 2468 parte.

245 2574 248 2578 Ι
429 2507 610 2560 Cordis
640 2508 1037 2576 magnitudinem
1066 2508 1281 2578 sequitur
1306 2504 1534 2561 ferocitas
1571 2507 1860 2561 animalium
1891 2507 2188 2560 terrestrium

242 2580 383 2651 fimul
404 2596 451 2634 et
465 2582 682 2652 piscium.
757 2587 811 2646 111
833 2581 1261 2649 cartilagineorum
1279 2581 1453 2634 ordine
1474 2586 1750 2636 voracitatis
1780 2597 1927 2636 notae
1945 2579 2188 2633 'habentur

243 2658 393 2721 raiae,
430 2655 577 2728 squali
599 2669 648 2708 et
667 2654 892 2726 lophius,
928 2674 1146 2728 quorum
1173 2655 1318 2709 corda
1341 2656 1448 2708 sunt
1476 2655 1778 2726 ampliffima.
1853 2656 2073 2708 Eandem
2096 2651 2187 2706 ob-

244 2732 570 2785 servationem
607 2732 869 2798 confirmat
897 2734 1207 2800 comparatio
1244 2731 1408 2783 cordi-s
1436 2734 1486 2783 in
1519 2729 1651 2791 lucio
1683 2745 1732 2783 et
1760 2734 1916 2792 tinea,
1962 2728 2186 2794 ejusdem

247 2820 468 2858 ceterum
504 2806 855 2874 magnitudinis
882 2822 1190 2875 corporeae,
1255 2806 1478 2857 instituta.
1593 2808 1821 2877 Uterque
1854 2809 1989 2856 enim
2028 2803 2186 2872 pisces

245 2879 548 2952 ponderabat
587 2899 732 2948 grana
774 2899 939 2942 5232,
997 2898 1172 2933 verum
1207 2878 1440 2939 luciicor
1475 2885 1507 2931 6
1531 2896 1705 2945 grana,
1780 2883 1941 2931 tincae
1971 2898 2001 2939 4
2026 2875 2186 2928 modo

242 2953 498 3026 aequabat.
573 2959 933 3021 (Voracitatem
964 2953 1191 3008 ferocitas
1220 2972 1342 3005 num
1374 2957 1424 3005 in
1454 2954 1680 3006 universo
1702 2951 1986 3006 animalium
2007 2967 2188 3018 genere

242 3032 437 3103 semper
465 3030 691 3100 sequatur
719 3045 800 3083 aut
830 3034 1094 3084 comitetur
1126 3028 1314 3089 nesci03
1373 3027 1537 3099 cordis
1578 3046 1698 3080 vero
1747 3027 1935 3080 molem
1970 3025 2093 3079 olim
2125 3022 2187 3076 ad

244 3103 521 3158 timiditatis
563 3122 624 3155 ex
672 3103 836 3161 calore
874 3103 1022 3159 audio
1070 3118 1207 3159 ortae
1249 3103 1442 3156 causam
1492 3100 1731 3155 referebat
1778 3097 2076 3172 Aristoteles
2122 3098 2187 3151 de

241 3178 406 3235 Partib
418 3182 474 3233 ns
501 3180 664 3247 111.4.)
1118 3184 1119 3187 ’
1380 3182 1382 3184 ’
1694 3182 1698 3185 ’
1962 3174 1965 3180 ’
2128 3170 2134 3178 ‘

1164 3255 1285 3309 Min
1328 3271 1351 3316 3
2037 3251 2189 3301 Eran-
