2571 3775
225 2189 306 2233 No.
324 2186 366 2231 6.

430 328 500 379 32
1218 318 1509 343 ·“““““·“·“·

429 442 508 495 est·
522 437 658 509 piscis
681 440 729 491 in
751 439 872 490 mari
891 434 1049 489 Italiae
1072 449 1119 488 et
1131 436 1368 488 Graeciae
1387 430 1643 486 abundans
1655 447 1704 486 et
1722 436 1791 490 est
1802 432 1864 490 de
1882 453 2064 505 genere
2082 432 2308 506 peffinis,

433 528 565 568 totus
588 513 827 566 rotundus
861 507 1025 582 (quod
1040 503 1277 563 rhombus
1293 523 1479 577 graece
1495 504 1781 578 figizfficac)
1812 510 1938 582 quali
1964 511 2174 564 circulus
2197 517 2306 580 pin-

431 587 560 641 nulis
592 585 984 655 circumpositus:
1045 597 1092 636 et
1121 587 1168 635 in
1197 596 1331 651 parte
1373 584 1508 648 nigra
1546 581 1707 651 picotus
1737 585 1806 637 est
1838 584 2002 638 rubeis
2035 585 2229 654 ungulis
2258 600 2307 639 et

435 660 662 723 maculiS,
702 674 751 713 et
772 659 847 712 illa
880 659 1158 728 superficies
1191 670 1291 710 tota
1314 657 1382 707 est
1401 654 1542 724 plena
1573 657 1717 726 spinis
1749 660 2030 714 acutissimis
2056 673 2107 714 et
2137 679 2304 713 recur-

433 741 504 790 vis
525 733 874 807 aliquantulum
885 736 1123 792 anterius3
1158 745 1208 784 et
1229 730 1310 782 hic
1331 731 1471 799 piscis
1494 733 1633 799 piger
1653 733 1718 784 est
1738 733 1802 784 ad
1820 734 2086 786 natandum
2099 749 2305 804 propter

429 812 501 865 sui
545 812 763 878 cor-poris
809 805 1127 858 latitudinem.
1220 808 1538 873 Demergitur
1573 819 1738 858 autem
1785 810 1836 861 in
1879 806 2034 862 fundo
2063 823 2110 862 et
2145 807 2303 861 turbat

426 900 611 955 aquam
633 896 681 935 et
706 881 855 950 pisces
886 884 972 951 qui
1003 878 1281 932 accesserint
1301 882 1526 932 incautos
1549 877 1771 934 confodit
1790 895 1839 935 et
1866 895 1956 935 cet.
2032 888 2105 935 Ex
2125 881 2304 954 quibus

431 964 639 1027 apparet
658 960 803 1008 etiam
824 951 1037 1008 Albervto
1060 968 1110 1006 ut
1129 949 1306 1007 Plinio
1320 951 1592 1006 rhombum
1613 953 1707 1007 esse
1720 959 1806 1027 qui
1817 953 2085 1026 Aristoteli
2092 960 2303 1030 Ψῆττω,

432 1032 529 1084 Sed
550 1029 769 1086 maculae
789 1027 967 1081 rubeae
991 1026 1214 1080 Plateffae
1235 1026 1412 1079 melius
1433 1032 1750 1081 conveniunt.
1818 1026 2110 1102 Juvat-ralis
2131 1036 2208 1082 IV.
2224 1049 2306 1096 39.

433 1107 633 1160 Adriaci
658 1104 861 1173 spatium
871 1100 1158 1154 ‚admirabile
1179 1100 1378 1154 rhombi
1397 1105 1633 1154 nominat.
1667 1103 1806 1156 Idem
1824 1097 2061 1158 filbertus
2070 1121 2117 1174 p,
2134 1121 2200 1167 24
2214 1125 2253 1157 1.
2267 1122 2308 1157 a.

435 1179 631 1237 Bochae
652 1179 802 1248 pisces
826 1177 932 1228 sunt
952 1175 1015 1228 de
1033 1194 1213 1244 genere
1232 1173 1487 1245 pediinum
1514 1179 1564 1228 in
1583 1195 1680 1230 una
1703 1191 1839 1246 parte
1863 1181 1986 1246 nigri
2018 1177 2181 1232 rubeis
2201 1197 2305 1232 ma-

434 1254 558 1307 culis
582 1249 811 1312 distineri,
847 1251 930 1302 seu
946 1254 996 1302 in
1017 1249 1185 1303 dorso:
1237 1254 1288 1303 in
1308 1253 1478 1303 ventre
1496 1264 1661 1303 autem
1681 1250 1801 1304 albi:
1833 1269 1921 1322 per
1944 1266 2108 1306 totum
2130 1257 2306 1306 circui-

434 1343 542 1382 tum
566 1325 744 1379 habent
765 1323 986 1394 pinnulas
1007 1338 1055 1378 et
1075 1323 1267 1377 flatibus
1288 1326 1507 1377 austrinis
1529 1328 1920 1395 impinguantur:
1961 1346 2079 1380 cum
2097 1328 2307 1397 piscato-

433 1421 543 1455 rem
561 1402 779 1462 senserit,
813 1403 863 1451 in
884 1397 1094 1450 fundum
1115 1398 1414 1452 descendens
1436 1413 1590 1451 terrae
1612 1399 1842 1453 adhaeret
1863 1393 1918 1453 e‘t
1940 1405 2117 1472 aquam
2148 1401 2310 1454 turbat

436 1496 498 1529 ne
519 1475 749 1528 videatur..
825 1473 919 1525 Sed
938 1468 1140 1525 Bothae
1160 1471 1429 1540 legendum
1449 1471 1545 1526 effe
1564 1492 1628 1525 ex
1655 1471 1926 1528 Vincentio
1939 1480 2082 1527 XVII.
2113 1493 2135 1537 3
2152 1495 2194 1537 ς.
2226 1473 2309 1527 ubi

431 1550 611 1604 eadem
642 1547 870 1616 leguntur
889 1544 1131 1615 copiofius
1144 1583 1160 1608 ‚
1199 1546 1282 1601 nifi
1303 1546 1445 1619 quod
1460 1547 1715 1602 fluviatiles
1734 1548 1887 1618 pisces
1912 1548 2040 1602 male
2060 1549 2309 1611 dicuntur,

435 1627 534 1691 jam
555 1622 679 1676 olim
698 1623 893 1674 monuit
914 1618 1066 1675 Conr.
1091 1618 1168 1674 Ge
1193 1638 1284 1675 ner
1310 1620 1526 1693 Aquatil.
1556 1640 1603 1692 p.
1624 1642 1652 1685 7
1670 1642 1685 1673 ι
1701 1640 1745 1674 2.
1833 1628 1888 1676 In
1925 1623 2026 1677 hoc
2061 1623 2311 1678 vocabulo

435 1698 552 1752 latet
573 1700 913 1765 germanicum
937 1712 1123 1748 nomen
1199 1701 1306 1748 ulte
1326 1696 1389 1748 de
1423 1694 1577 1763 planis
1609 1710 1658 1750 et
1689 1695 1872 1750 obtusis
1900 1697 2136 1768 piscibus,
2172 1697 2315 1769 quod

434 1770 687 1842 speciebus
719 1774 860 1823 variis
879 1769 1085 1822 additur.
1130 1766 1208 1824 Cf.
1222 1765 1509 1840 Frisithius.
1583 1775 1767 1823 Iterum
1787 1768 2034 1824 Alhertus
2054 1790 2100 1842 p.
2121 1793 2162 1833 ς.
2184 1771 2230 1825 b.
2265 1785 2318 1825 et

438 1847 538 1901 hoc
559 1846 713 1899 modo
734 1848 879 1897 etiam
899 1841 1074 1913 pedien
1087 1880 1102 1905 ‚
1161 1842 1299 1913 quod
1319 1842 1506 1912 pleydis
1533 1859 1763 1908 vocatur,
1800 1859 1849 1897 et
1866 1844 2043 1914 pedien
2060 1847 2204 1919 quod
2224 1866 2316 1900 vo-

434 1937 573 1974 catur
609 1918 787 1980 butha,
834 1932 883 1971 et
913 1914 1089 1988 pedien
1113 1916 1252 1986 quod
1276 1931 1487 1970 >vocatur
1517 1918 1724 1972 rumbus
1768 1923 1942 1988 pinnas
1983 1938 2085 1973 non
2113 1920 2313 1983 habent,

438 2012 648 2066 quarum
676 1990 887 2061 impulsu
905 2005 966 2044 *et
990 1989 1276 2045 attractione
1305 2006 1626 2055 moveantur,
1669 1993 1752 2046 sed
1781 1997 1832 2047 in
1866 1996 2071 2047 circuitu
2101 1995 2190 2049 suo
2221 1999 2317 2048 cir-

433 2066 695 2139 cumpofiti
715 2067 821 2119 sunt
845 2065 1072 2136 pinnulis,

582 2172 775 2248 Paffl’r.
809 2171 1016 2229 Plinius
1053 2176 1134 2226 IX.
1164 2191 1267 2243 cap.
1301 2191 1384 2227 20.
1429 2174 1637 2243 passeres
1667 2175 1844 2230 oculos
1866 2181 1926 2244 in
1951 2177 2133 2232 dextro
2166 2178 2312 2233 latere

435 2251 550 2307 fitos
567 2249 746 2303 habere
767 2253 846 2302 ait.
921 2245 1105 2301 Ovidii
1123 2247 1437 2300 Halieuticon
1462 2250 1600 2301 versu
1642 2266 1754 2312 ¹25·
1863 2251 2120 2319 Fulgentes
2154 2253 2314 2307 soleae

438 2327 652 2381 candore
677 2337 724 2376 et
743 2321 983 2376 concolor
1011 2320 1102 2373 illis
1123 2321 1304 2383 Passer,
1337 2335 1386 2373 et
1405 2321 1624 2375 Adriaco
1645 2323 1893 2377 mirandus
1905 2323 2045 2380 litore
2055 2327 2313 2381 rhombus,

434 2403 632 2453 Graece
652 2397 836 2451 eodem
855 2400 953 2449 avis
976 2398 1179 2449 nomine
1200 2389 1431 2470 (γι-9836))
1453 2394 1780 2464 appellarunt,
1798 2416 2014 2470 eumque
2034 2419 2149 2454 cum
2164 2403 2313 2471 psetta

439 2490 489 2528 et
510 2471 727 2526 rhombo
746 2484 995 2524 memorat¹
1007 2466 1244 2523 Aelianus
1268 2472 1393 2521 XIV.
1422 2487 1464 2531 3·
1539 2470 1711 2541 Atque
1732 2475 1780 2524 in
1799 2477 2008 2546 antiquis
2029 2472 2315 2544 Aristotelis

440 2545 737 2603 editionibus
765 2549 827 2598 H.
848 2545 910 2596 A.
931 2549 982 2596 Π.
1016 2563 1032 2594 1
1052 2562 1073 2602 ς
1101 2541 1186 2595 ubi
1207 2541 1269 2594 de
1287 2539 1408 2595 fellis
1429 2541 1580 2596 vefica
1602 2547 1833 2599 intestinis
1861 2565 2016 2617 prope
2045 2549 2187 2602 adfita
2221 2553 2315 2608 ser-

441 2642 530 2676 mo
552 2623 618 2675 est
632 2658 646 2683 ‚
682 2623 962 2673 nominatur
980 2618 1089 2687 post
1111 2615 1329 2684 gladium
1346 2614 1564 2670 hirundo
1586 2620 1653 2670 est
1674 2620 1825 2688 paffer
1846 2623 1986 2690 piscis
2012 2621 2312 2698 (στρεθός).

443 2697 537 2749 Sed
569 2696 694 2748 hanc
714 2691 1001 2763 particulam
1022 2687 1414 2762 exsequentibus
1430 2726 1444 2751 ‚
1482 2689 1566 2743 ubi
1586 2692 1759 2746 eadem
1783 2695 1844 2747 de
1863 2713 1951 2747 ave
1972 2696 2232 2751 hirundine
2265 2715 2315 2753 et

442 2770 623 2841 passere
679 2780 990 2837 repetuntur,
1052 2765 1150 2817 huc
1201 2762 1456 2816 retracffam
1505 2779 1684 2835 putans
1741 2766 2028 2822 aufioritate
2081 2771 2311 2828 verfionis

443 2842 651 2904 Gazae,
690 2845 770 2894 cui
799 2840 988 2893 accedit
1008 2838 1188 2893 Codex
1205 2836 1463 2891 Mediceus
1483 2854 1534 2892 et
1553 2844 1603 2892 Β.
1624 2840 1846 2895 Rhenani
1859 2879 1874 2904 ,
1917 2842 2176 2899 delendam
2197 2867 2313 2901 cen-

444 2917 572 2970 sebat
604 2911 966 2982 Ronoleletius;
1005 2910 1254 2965 dubitabat
1278 2925 1442 2965 tamen
1467 2910 1619 2967 Conr.
1642 2913 1848 2986 Gesner.
1880 2917 2095 2988 Aquatil.
2119 2940 2164 2991 p.
2190 2940 2259 2988 79
2271 2940 2312 2984 3,

445 2990 612 3044 Ver‘fio
629 2994 824 3060 antiqua
846 3007 962 3040 cum
985 2986 1182 3057 reliquis
1203 2984 1477 3041 Codicibus
1496 3006 1524 3041 a
1547 2987 1697 3044 Gallo
1718 2989 1904 3045 Lamus
1921 2990 2092 3046 collata
2116 3010 2315 3050 mentun

449 3082 631 3118 nomen
648 3061 917 3118 hirundinis
940 3060 1234 3133 patierisque
1255 3062 1442 3113 marini.

2011 3171 2322 3257 Βέγλωσσοι.
