2571 3775
403 351 474 387 »ΞΩ
1195 345 1488 368 Μ

384 464 673 533 vscriptoris,
711 464 795 535 qui
806 456 1153 533 philosophum
1172 461 1359 514 secutus
1381 474 1482 513 erat
1496 497 1511 523 ‚
1545 460 1624 513 fila
1649 454 2282 530 transtuleruntOppianus

384 541 544 610 >eamq
560 557 609 590 ie
641 537 808 590 affecla
835 533 1107 597 Aelianum,
1156 539 1239 606 qui
1275 535 1411 605 plura
1438 549 1630 596 tamen,
1669 536 1730 588 de
1761 537 1990 606 piscatura
2017 538 2062 586 in
2090 536 2277 603 primi&

387 612 604 664 ..addidit
698 607 973 681 Oppianus
992 614 1024 660 1.
1090 616 1196 672 767
1218 609 1345 681 seqq.
1374 627 1551 678 apuam
1581 603 1762 683 οέφύημ
1794 624 1842 662 et
1871 607 2129 684 οἱφρίτιδα
2161 625 2276 676 pro-

404 686 586 738 miscue
623 684 854 754 appellat,
911 697 960 735 et
996 685 1238 750 originem
1275 702 1337 735 ex
1376 687 1511 754 aquis
1551 682 1724 753 pluviis
1768 686 1817 735 in
1865 684 2085 753 spumam
2128 684 2274 732 maris

392 757 724 820 coeuntibus,
762 758 875 810 alias
907 776 1026 810 vero
1047 775 1109 808 ex
1130 755 1231 811 luto
1251 760 1398 809 maris
1415 761 1577 824 agitati
1597 770 1650 808 et
1674 775 1790 808 cum
1811 775 1953 809 arena
1982 770 2030 809 et
2054 758 2274 827 quisqui-

403 831 477 886 liis
512 837 648 886 variis
685 850 779 884 una
809 829 972 897 ejectis
1005 845 1229 900 tempore
1258 831 1429 884 sereno
1453 831 1783 900 putrescente,
1813 834 2081 883 -vermium
2112 831 2273 889 instar,

393 906 583 961 -habere
613 910 751 958 canit.
826 903 1051 957 Imbelles
1074 904 1168 957 effe
1187 906 1367 974 pisces,
1399 908 1453 957 -in
1483 903 1596 959 cibo
1615 922 1643 956 a
1671 904 1867 977 reliquis
1896 903 2162 970 maioribus
2186 921 2271 973 ap-

395 984 605 1051 petitos3
642 981 768 1050 ipsos
787 998 904 1032 vero
939 997 1117 1049 corpus
1136 982 1349 1032 invicem
1369 977 1635 1031 lambendo
1656 983 1832 1031 vivere.
1907 982 2166 1045 Gregatim
2188 990 2273 1029 va·-

397 1059 505 1123 -gari
529 1069 577 1107 et
596 1071 829 1126 quaerere
849 1053 955 1105 saxa
983 1056 1129 1105 maris
1163 1051 1386 1105 umbrosa
1418 1051 1720 1124 latebrasque
1755 1056 1952 1122 rupium
1984 1052 2271 1112 excisarum,

403 1133 465 1182 ita
490 1143 542 1180 ut
560 1133 609 1180 in
628 1132 797 1181 itinere
815 1141 978 1180 totum
997 1144 1131 1179 mare
1153 1125 1389 1196 pisciculis
1402 1126 1476 1179 his
1490 1126 1746 1180 obtedium
1766 1126 1983 1179 albescat.
2021 1121 2272 1178 Aelianus

398 1203 465 1256 de
484 1205 543 1255 N.
563 1204 626 1254 A.
650 1206 700 1254 II.
733 1221 773 1255 c.
799 1218 881 1252 222
930 1218 1108 1270 apuam
1137 1219 1197 1252 ex
1231 1199 1334 1254 luto
1364 1205 1509 1253 maris
1545 1201 1844 1268 nigrescente
1874 1215 1923 1254 et
1953 1197 2271 1252 incalescente

394 1291 540 1348 partu
563 1276 782 1349 quodam
807 1274 1016 1328 obscuro
1042 1274 1152 1342 (ὑπ’
1173 1273 1344 1343 ὠδῖνος
1365 1277 1532 1333 gaure}
1549 1289 1813 1346 praeeunte
1836 1270 2028 1328 Pamio
2058 1277 2269 1327 omnino

400 1350 668 1419 legendum
689 1351 782 1415 est)
819 1349 946 1402 nasci
970 1352 1060 1411 ait,
1092 1352 1344 1401 vermium
1372 1350 1542 1410 instar,
1582 1353 1665 1420 qui
1694 1353 1744 1401 in
1774 1350 1984 1402 stercore
2012 1361 2060 1401 et
2084 1366 2272 1401 coeno-

395 1424 459 1480 ᾖε
494 1424 820 1479 concrescant.
931 1425 1076 1475 Natas
1108 1424 1264 1475 statim
1298 1435 1515 1474 natatum
1545 1441 1807 1484 exercere,
1844 1436 1893 1475 et
1924 1437 2160 1493 quaerere
2188 1420 2272 1474 fibi

397 1497 700 1570 perfugium,
725 1511 911 1568 petram
927 1495 1140 1568 aliquam
1160 1499 1208 1549 in
1228 1499 1351 1548 mari
1368 1498 1635 1549 exstantem
1656 1512 1704 1550 et
1719 1495 1889 1549 mult-is
1913 1500 2131 1549 cavernis
2156 1513 2271 1548 exe-

401 1575 534 1635 sam,
571 1571 653 1624 ubi
677 1590 701 1624 a
723 1570 949 1624 fluc‘iibus
977 1574 1123 1623 maris
1161 1584 1290 1622 tutae
1311 1571 1625 1643 requiescant.
1701 1573 1899 1641 Corpus
1917 1573 2132 1623 invicem
2151 1569 2272 1623 lam-

401 1647 552 1708 bere,
580 1664 739 1718 eoque
760 1643 891 1698 vidiu
912 1647 1061 1697 vitam
1080 1644 1349 1697 traducere.
1427 1648 1547 1715 Capi
1589 1645 1837 1698 verriculis
1865 1648 2001 1698 tenui
2030 1644 2117 1698 filo
2150 1663 2274 1698 con-

403 1724 579 1783 textis,
618 1718 865 1773 inutilibus
898 1717 1114 1790 alioquin
1148 1717 1216 1772 ob
1249 1718 1514 1771 exilitatem
1550 1719 1611 1771 ad
1635 1718 1845 1772 aliorum
1872 1719 2076 1788 piscium
2113 1734 2277 1789 captu-

405 1814 524 1849 ram.
601 1798 667 1846 Ita
692 1790 945 1865 Gffmrus
964 1791 1134 1846 locum
1149 1788 1355 1845 Aeliani
1374 1795 1679 1862 postremum
1707 1812 1776 1846 ex
1795 1797 1959 1863 priore
1989 1790 2151 1867 Gyllii
2168 1812 2279 1846 ver-

401 1868 536 1924 fione
555 1867 715 1920 retulit
741 1867 804 1919 de
823 1868 982 1936 Apuis
1003 1885 1046 1936 p.
1069 1884 1154 1927 75.
1188 1866 1269 1918 sed
1293 1870 1342 1918 in
1361 1871 1544 1933 graecis
1569 1869 1657 1921 est:
1701 1863 1847 1947 ἄγραι
1872 1866 2043 1926 αὐτῶν
2063 1862 2279 1940 νήματα

401 1937 586 2005 λεπτοὶ
617 1937 760 2020 οἵγᾳιν
797 1938 887 2017 aa}
917 1946 944 1998 ἐ
966 1939 1229 2017 ’ῥαφέντει
1251 1935 1428 2008 fait-015
1447 1941 1641 2016 οἱροιιῶν
1662 1946 1945 2014 στημονίων
1977 1935 2051 1999 τοὶ
2071 1937 2272 2014 ἱμάτια.

400 2017 637 2087 posterior
663 2011 826 2086 &yllii
854 2031 938 2066 ver
975 2033 1008 2067 o
1044 2012 1213 2067 habet:
1266 2018 1521 2083 capiuntur
1540 2030 1705 2067 autem
1725 2013 1974 2068 verticulis
1995 2013 2152 2067 subtili
2185 2015 2273 2070 filo

399 2093 644 2144 contextis
663 2091 885 2141 tenuium
909 2089 1184 2141 staminum.
1259 2088 1353 2139 Sed
1374 2106 1466 2140 nec
1482 2087 1608 2141 haec
1631 2106 1800 2157 graeca
1822 2086 2030 2140 fide-liter
2040 2089 2273 2153 reddunt,

401 2163 483 2217 ubi
502 2183 602 2217 vox
629 2158 703 2222 τοὶ
735 2157 921 2235 ἱμάτια
950 2164 977 2213 i.
995 2179 1045 2214 e.
1077 2162 1259 2223 vestes,
1294 2160 1395 2214 fine
1426 2161 1581 2216 dubio
1617 2166 1667 2214 in
1702 2161 1882 2214 menda
1901 2165 2058 2227 jacet,
2103 2177 2152 2215 et
2179 2183 2273 2234 pro

400 2257 455 2292 ea
484 2255 628 2308 parva
655 2239 927 2288 mutatione
957 2231 1031 2293 τοὶ
1058 2239 1276 2307 ἱμαντιόι
1304 2235 1658 2287 restituendum
1694 2237 1786 2296 est,
1835 2234 1935 2287 hoc
1962 2235 2124 2289 sensu:
2175 2241 2271 2291 Ca·

399 2318 596 2384 piuntur
629 2308 874 2362 verriculis
907 2327 970 2360 ex
998 2308 1091 2360 filis
1115 2308 1196 2359 seu
1215 2306 1498 2362 staminibus
1518 2305 1767 2362 subtilibus
1788 2313 2057 2371 contextis,
2096 2311 2274 2382 quibus

399 2387 549 2440 insuta
569 2385 678 2437 sunt
698 2383 802 2438 lora
830 2400 922 2453 pro
942 2379 1248 2450 subtegmine
1279 2381 1362 2436 seu
1384 2397 1536 2437 trama
1562 2381 1661 2438 lora
1682 2400 1744 2436 ex
1760 2381 1993 2437 tenuibus
2015 2387 2161 2440 etiam
2180 2385 2273 2440 filis

402 2473 642 2515 COsstOI'ta.

551 2606 705 2658 Attici
736 2619 912 2674 apuam
943 2606 1090 2656 etiam
1117 2595 1268 2683 γόνον
1296 2602 1325 2655 i.
1349 2620 1391 2655 e.
1419 2597 1662 2657 foeturarn
1679 2643 1693 2667 ‚
1733 2609 1875 2660 Iones
1895 2609 2273 2680 autemaphron

402 2682 485 2735 seu
523 2680 740 2749 spumam
763 2676 1087 2746 appellabant,
1132 2677 1353 2729 tradente
1372 2680 1688 2732 vetustiffimo
1716 2694 1763 2732 et
1788 2685 1858 2733 rei
1879 2683 2169 2751 piscatoriae·
2186 2703 2274 2754 pe-

400 2756 623 2808 ritisfimo
642 2753 870 2820 scriptore
902 2747 1246 2820 Arclwst-rato.
1334 2752 1891 2823 Nonnados'pisciculos
1919 2773 1944 2808 a
1977 2756 2133 2810 Gallis
2164 2763 2272 2830 qui-

403 2828 609 2881 busdam
639 2840 688 2878 et
711 2823 1047 2878 Genuenfibus
1070 2823 1332 2894 appellatos
1365 2823 1495 2878 recie
1516 2831 1719 2879 nomine
1744 2828 1944 2898 quidem
1971 2844 2110 2884 tenus
2131 2851 2273 2886 com-

403 2906 582 2973 paravit
616 2896 757 2969 Aug.
789 2895 1008 2968 Niplzus
1033 2917 1149 2951 cum
1171 2895 1424 2959 Bellonio‘3
1463 2899 1543 2951 sed
1568 2900 1631 2952 de
1650 2915 1814 2954 natura
1845 2916 1894 2955 et
1920 2922 2101 2971 genere
2133 2908 2274 2977 pisci-

404 2975 501 3028 culi
520 2973 637 3026 nihil
665 2973 806 3042 plane
828 2972 938 3025 licet
966 2973 1171 3025 definire
1201 2991 1264 3024 ex
1294 2971 1416 3025 locis
1442 2988 1663 3025 veterum
1687 2974 1989 3046 scriptorum.
2076 2984 2130 3032 In
2161 2978 2228 3034 X
2225 2998 2274 3035 e-

403 3043 628 3102 nocratis
662 3045 935 3114 fragmento
959 3046 1021 3099 de
1041 3045 1276 3099 alimento
1295 3064 1358 3099 ex
1377 3046 1667 3118 aquatilibus
1695 3067 1795 3118 cap.
1817 3068 1865 3113 7.
1904 3050 2077 3120 legitur
2098 3072 2276 3124 apuam

404 3126 632 3181 omnium
655 3119 998 3191 pisciculorum
1018 3124 1311 3184 minimum,
1371 3120 1659 3192 gregatilem
1680 3122 1773 3178 effe
1799 3137 1847 3177 et
1866 3128 1915 3177 in
1938 3129 2112 3197 patinis
2134 3131 2278 3181 variis

2093 3201 2284 3258 condiri
