2571 3775
2005 338 2112 400 '125

389 461 686 539 Aristoteles
715 457 921 535 ἔλλοψ,
973 462 1094 515 Hist.
1126 460 1342 514 Animal.
1363 462 1415 514 11.
1454 477 1530 524 13.
1596 477 1850 536 quaternas
1882 461 2112 535 utrinque

230 544 486 600 branchias
503 539 743 610 {implices
765 535 927 589 habet.
1003 535 1188 591 Gazae
1210 535 1365 590 verfio
1386 535 1452 589 ibi
1476 533 1624 589 habet
1643 538 1907 607 acipenser.
1935 536 2111 592 Aelia-

227 637 326 676 nus
347 622 465 673 VIII.
495 633 598 684 cap.
624 625 706 671 28.
762 611 963 682 elopem
992 614 1143 665 etiam
1168 615 1218 664 in
1247 612 1358 682 ipso·
1381 610 1667 682 Pamphylio
1695 615 1818 664 mari
1854 630 1962 665 non
1984 613 2112 666 adeo

228 693 405 748 crebro
428 692 537 758 capi
556 684 751 760 refert3>
777 688 945 739 nescio
969 705 1073 759 quo
1092 700 1300 740 autore.-
1377 688 1507 739 ⁴Satis
1527 684 1780 757 probabile
1810 690 1957 739 etia-m
1989 685 2114 738 mihi

227 759 765 833 videtur-ellopemab
804 762 1080 832 acipensere
1116 760 1201 815 nifi
1233 760 1360 815 forte
1388 761 1548 831 specie
1584 780 1687 815 non
1724 759 1820 814 effe
1848 760 2115 823 diversum,

226 855 493 910 utrumque
513 853 632 891 vero
652 837 714 889 ad
727 839 1016 890 Sturionum·
1041 853 1199 905 genus
1220 839 1479 906 pertinere.
1538 835 1632 890 Etfi
1641 839 1778 889 enim
1799 830 2113 888 Harduinus

224 914 286 969 ad
305 909 536 985 Plinium
558 911 586 963 l.
609 930 649 964 c.
727 914 1011 968 Sturionem
1046 929 1070 964 a
1100 910 1347 964 veteribus
1374 909 1570 981 porculi
1588 913 1765 964 marini
1791 913 1997 964 nomine
2026 926 2117 978 ap·

189 1023 192 1025 -
224 987 395 1060 pellari‘
412 1002 460 1040 et
478 984 680 1053 intelligi
706 986 920 1048 censuit,
956 985 1190 1058 equidem
1213 999 1381 1038 tamen
1400 984 1626 1038 assentior
1647 982 1709 1045 L.
1728 982 1779 1038 T
1772 980 1818 1036 h.
1841 980 2114 1038 Gro-novio

225 1062 286 1117 ad
307 1058 537 1117 Plinium
560 1079 605 1131 p.
629 1067 716 1122 67.
753 1059 996 1131 qui÷,red³‹e
1018 1073 1193 1114 monet
1225 1063 1555 1114 narrationem
1584 1059 1647 1111 de
1684 1057 1772 1111 fitu
1798 1058 2114 1128 squamarum

226 1139 478 1191 contrario
501 1153 668 1188 errore
691 1138 779 1187 niti
803 1134 984 1188 eodem
1001 1171 1015 1196 ‚
1054 1153 1157 1206 quo
1185 1134 1329 1187 tradit
1356 1131 1568 1188 Plinius
1595 1137 1807 1186 XXVIII.
1838 1151 1879 1184 c.
1908 1143 1952 1191 8.
2000 1133 2114 1184 stin-

226 1230 346 1265 cum
378 1229 404 1263 a
429 1209 690 1264 crocodilo
707 1209 929 1276 dignosci
959 1209 1275 1282 squamarum
1301 1210 1421 1262 serie
1441 1228 1467 1261 a
1503 1208 1657 1261 cauda
1691 1208 1750 1261 ad
1790 1219 1934 1277 caput
1965 1205 2115 1258 veria.

223 1287 277 1340 A
296 1282 595 1339 Xenocrate
616 1280 808 1339 Galerio,
838 1282 986 1354 paulo
1018 1287 1297 1356 antiquiore
1328 1286 1574 1337 nominari
1599 1281 1762 1335 adhuc
1797 1281 1949 1335 video
1969 1279 2114 1350 elopa·

184 1389 186 1391 ·
226 1379 333 1431 cap.
364 1380 437 1412 10.
458 1378 503 1429 p.
526 1376 605 1421 32.
681 1358 992 1428 Acipenseris
1015 1377 1135 1412 vero
1154 1357 1223 1410 ibi
1246 1357 1378 1411 nulla
1398 1359 1458 1411 fitv
1473 1361 1678 1410 mentio.
1757 1355 1911 1425 Qlod
1933 1353 1966 1407 fi
1991 1374 2114 1408 con-

225 1449 300 1488 tra
335 1438 386 1486 in
426 1433 585 1503 elopi's
609 1436 823 1503 nomine
847 1432 1215 1486 similitudinem
1238 1432 1450 1504 aliquam
1491 1451 1608 1484 cum
1640 1432 1872 1502 serpentis
1910 1447 2115 1498 genere,

225 1509 388 1582 elope⁴
416 1506 575 1570 didio,
615 1511 926 1579 quaerimus5
967 1521 1076 1562 tum
1117 1506 1423 1581 veroplane
1465 1507 1709 1561 diversum
1742 1505 1804 1559 ab
1833 1504 2113 1575 acipensere

221 1602 378 1653 genus
402 1583 542 1653 piscis
565 1583 838 1635 existimare
861 1595 1071 1653 oportet.
2025 1600 2054 1624 ·.

371 1662 592 1726 Ονίσκος·
617 1653 878 1710 Dorionis
906 1658 1042 1727 supra
1061 1659 1113 1708 in
1132 1654 1309 1709 Asellis
1327 1653 1418 1709 fuit
1438 1653 1723 1727 explicatus.

370 1728 568 1792 Sturio
588 1744 638 1783 et
661 1726 887 1802 Sturgio
917 1734 1159 1784 recentius
1190 1749 1378 1784 nomen
1415 1733 1508 1793 est,
1569 1748 1631 1783 ex
1658 1729 1849 1782 vetusto
1880 1728 2110 1780 sermone

223 1803 583 1875 septentrionali
619 1818 787 1859 ortum
799 1842 824 1867 ,κ
871 1804 1029 1858 Gallis
1064 1823 1197 1858 nunc
1234 1809 1575 1877 Britanniaque
1609 1820 1896 1857 commune.
1971 1805 2111 1854 Loca-

222 1881 515 1951 scriptorum
535 1879 688 1933 medii
711 1883 819 1937 aevi
840 1881 1080 1948 congessit
1097 1879 1251 1932 multa
1281 1879 1532 1948 diligentia
1556 1874 1747 1949 Cawgii
1773 1880 1823 1930 in
1846 1876 2114 1932 Glossario.

223 1956 458 2027 Antiquis
483 1952 757 2007 Saxonibus
781 1967 833 2006 ut
852 1954 1006 2008 hodie
1025 1950 1495 2023 Septentrionalibus
1518 1950 1647 2007 δίον
1666 1970 1906 2020 magnum
1928 1950 2107 2017 fignifi-

224 2033 379 2090 cavit3
424 2047 487 2082 ex
511 2045 674 2101 eoque
708 2046 895 2082 nomen
916 2031 1161 2081 Sturionis
1190 2028 1390 2081 deducit
1417 2022 1665 2082 Leibwitz
1699 2030 1764 2078 T.
1788 2031 1819 2077 1.
1875 2029 2110 2093 Scriptor.

224 2108 412 2157 Rerum
433 2105 680 2156 Brunsuic.
710 2121 755 2171 p.
780 2121 869 2167 93.
925 2141 928 2143 -
953 2101 1174 2154 Similem
1195 2102 1549 2169 etymologiam
1569 2101 1785 2172 sequitur
1808 2096 1952 2154 C1.F
1948 2097 2112 2168 (nster

222 2183 458 2245 Beytrage
476 2196 563 2229 zur
585 2176 961 2238 Lauderkunde,
983 2181 1055 2227 ΠΙ.
1083 2195 1128 2246 p.
1145 2183 1264 2228 262.
1340 2176 1508 2229 Aliam
1521 2194 1642 2228 vero
1654 2171 1711 2228 F
1706 2171 1925 2246 Visellius
1945 2174 2108 2226 noster

221 2252 309 2307 sub
331 2269 457 2306 voce
483 2248 625 2305 Star.
716 2244 966 2303 Albertus
994 2250 1167 2302 XXIV.
1195 2270 1241 2320 p.
1267 2268 1387 2314 244.
1407 2249 1453 2303 b.
1507 2254 1696 2310 Sturi0‚
1732 2252 1918 2321 inquit,
1952 2248 2109 2318 pisciS,

225 2345 378 2400 quem
405 2328 594 2397 antiqui
628 2320 840 2379 Storam
870 2337 1187 2377 vocaverunt.
1297 2326 1377 2378 Est
1410 2339 1576 2377 autem
1607 2324 1747 2394 piscis
1777 2322 1917 2391 longi
1940 2321 2033 2374 nafi
2059 2334 2108 2374 et

223 2416 435 2470 magnus·
456 2400 516 2453 ad
537 2398 898 2467 longitudinem
918 2416 1103 2452 novem
1124 2397 1338 2469 pedum,
1388 2398 1587 2471 quando
1619 2396 1901 2467 completus
1926 2398 2018 2458 est,
2059 2409 2110 2447 et

227 2477 295 2530 est
316 2475 557 2530 rotundus
576 2477 627 2526 in
654 2472 867 2526 modum
890 2472 1037 2535 clavi,
1078 2487 1126 2525 et
1145 2487 1241 2525 tres
1266 2471 1415 2526 habet
1433 2472 1799 2526 denticulorum
1821 2476 1872 2540 (i.
1888 2490 1927 2524 e.
1946 2472 2108 2523 scuto-

227 2570 341 2604 rum
361 2564 410 2603 et
428 2544 750 2620 addefi’ries)
784 2551 832 2599 in
857 2545 986 2617 pelle
1009 2552 1341 2617 pungentium
1372 2566 1461 2616 per
1492 2551 1712 2617 corporis
1741 2546 2107 2615 longitudinem

226 2639 276 2678 et
308 2639 482 2678 cetera.
577 2627 651 2674 Ex
684 2619 863 2694 quibus
892 2622 1005 2674 satis
1033 2620 1318 2690 intelligitur
1346 2640 1471 2695 quae
1508 2622 1690 2693 species
1723 2626 1890 2676 Sturio
1917 2620 2111 2673 dicatur

225 2699 287 2754 'ab
308 2694 540 2753 Alberto.
1500 2726 1502 2728 μ

379 2769 579 2826 Mario.
618 2766 787 2824 Plinii
808 2768 1031 2837 vulgatae
1057 2769 1301 2823 editiones
1325 2773 1405 2821 IX.
1426 2789 1566 2831 οῖς.
1602 2769 1884 2824 irahabent:
1923 2768 2107 2821 Silurus
2161 2774 2298 2817 No.2.

229 2847 455 2918 grassatur
496 2844 781 2917 ubicunque
814 2846 908 2906 est,
966 2862 1119 2897 omne
1164 2843 1342 2896 ani-mal
1375 2858 1636 2914 appetens,
1692 2864 1849 2911 equos
1887 2858 2104 2895 natantes

228 2925 368 2993 saepe
421 2921 742 2987 demergens,
800 2921 1155 2989 praecipue-in
1192 2922 1387 2971 Moeno
1430 2913 1911 2972 Germaniae-amne
1948 2934 2105 2987 prope

227 2996 487 3053 Lisboum.
524 3032 526 3034 -
562 2999 621 3046 Et
643 2997 692 3045 in
713 2993 950 3047 Danubio
971 2995 1135 3045 Mario
1165 2992 1433 3045 extrahitur
1463 2993 1673 3063 porculo
1703 2997 1897 3045 marino
1923 2990 2104 3047 fimilli-

225 3091 366 3133 mus,
402 3083 450 3123 et
474 3073 523 3121 in
549 3068 845 3134 Borysthene
868 3079 1172 3121 memoratur
1190 3071 1446 3137 praecipua
1468 3067 1785 3134 magnitudo,
1821 3065 1962 3119 nullis
1991 3066 2106 3119 offi-

224 3145 318 3203 bus
335 3146 542 3219 spinisve
562 3141 809 3206 interfitiS,
857 3158 1002 3197 carne
1027 3139 1299 3214 praedulci.
1385 3141 1479 3195 Sed
1511 3159 1573 3196 ex
1603 3141 1861 3196 codicibus
1891 3142 2103 3194 restituta

1212 3218 1276 3286 Q
1300 3230 1326 3283 3
1926 3214 2103 3270 melior
