2571 3775
1115 383 1406 406 .....-..-.
2116 390 2220 447 289

422 500 587 556 Multo
608 520 729 555 vero
750 499 1134 571 constantiorem
1158 517 1314 572 aquae
1345 504 1755 571 temperationem
1776 504 1927 574 pisces
1955 509 2218 576 experiun-

267 589 372 638 tur,
416 596 566 649 quam
595 580 716 629 aeris
745 574 930 646 reliqua
958 572 1212 634 animali33
1247 589 1376 628 certa
1410 579 1544 628 enim
1574 595 1813 648 aquarum
1844 579 2049 634 altitudo
2081 583 2211 637 nulla

268 650 411 721 plane
432 650 604 703 caloris
626 647 921 720 frigorisque
950 648 1223 702 differentia
1244 652 1421 717 variari
1441 650 1646 703 videtur.
1720 656 1799 704 De
1819 657 2019 707 marinis
2040 658 2213 710 testan-

268 739 345 777 tur
375 728 708 795 experimenta
735 743 762 776 a
797 727 998 778 Comite
1032 719 1276 793 Mmfigli
1301 738 1351 777 et
1382 744 1537 795 nuper
1560 745 1587 779 a
1612 724 1686 779 Cl.
1717 723 1960 798 Sauffltre
1981 731 2209 783 instituta.

265 798 564 860 fluviatiles,
612 817 729 850 cum
760 799 950 850 summa
981 815 1091 867 pars
1120 797 1233 865 gelu
1260 803 1540 862 concrevit,
1590 800 1785 853 mediae
1816 801 1995 869 gradus
2024 802 2211 876 aliquot

267 871 386 926 infra
408 872 591 925 nullam
611 873 949 939 *descendunt3
983 873 1157 924 aestate
1192 891 1311 926 vero
1347 871 1564 927 fervente
1597 893 1752 945 aquae
1783 877 2059 929 constanter
2086 877 2209 933 infra

259 951 386 999 aeris
411 961 861 1018 temper-amentum
891 946 1146 1001 consistere
1183 952 1511 1017 reperiuntur.
1623 947 1794 1003 Nihilo
1834 964 1999 1003 tamen
2038 956 2204 1008 minus

259 1022 464 1091 piscium
491 1040 646 1090 genus
669 1041 823 1075 omne
853 1020 1040 1076 facilius
1072 1020 1253 1089 frigora
1288 1041 1438 1093 quam
1469 1040 1681 1089 magnos
1711 1025 1866 1077 aestus
1900 1029 2022 1094 pati,
2055 1041 2203 1098 atque

258 1100 469 1149 omnino
490 1101 611 1150 aeris
633 1115 812 1167 aquam
831 1096 1087 1149 ambientis
1114 1100 1431 1149 variationem
1454 1098 1794 1166 persentiscere
1815 1099 2020 1151 videtur.
2096 1105 2203 1155 No-

258 1173 420 1223 vimus
446 1175 585 1223 >enim
619 1173 900 1242 tempestate
927 1169 1091 1241 pluvia
1128 1173 1388 1238 ingruente
1416 1172 1572 1241 pisces
1606 1172 1679 1223 ad<
1697 1173 1912 1225 summas
1933 1191 2083 1244 aquas
2113 1175 2199 1228 ad-

255 1244 512 1305 scendere3
553 1249 731 1317 reique,
751 1246 942 1298 causam
969 1248 1070 1311 jam
1100 1244 1225 1297 olim
1256 1242 1400 1298 Baro
1431 1246 1492 1298 ad
1526 1249 1651 1299 aeris
1679 1249 1784 1299 vim
1816 1249 1868 1299 in
1902 1248 2018 1319 ipsas
2047 1266 2196 1321 aquas

255 1333 593 1388 penetrantem
631 1320 807 1373 retulit.
885 1324 1069 1372 Verum
1102 1317 1295 1373 fortasse
1335 1318 1512 1373 rediius
1553 1339 1749 1374 morem
1786 1319 1920 1374 hunc
1950 1322 2196 1392 explicare

252 1391 372 1444 licet
395 1412 457 1446 ex
475 1393 780 1447 infestorum
806 1394 1063 1456 descensu,
1101 1412 1227 1466 quae
1255 1394 1411 1463 pisces
1434 1409 1684 1448 enatantes
1711 1399 2002 1466 intercipere
2021 1397 2194 1468 solent,

253 1480 309 1525 ut
326 1467 436 1520 sunt
454 1467 674 1542 plerique
694 1488 871 1523 omnes
894 1472 1161 1523 fluviorum
1184 1467 1377 1522 incolae
1396 1468 1539 1522 huius
1562 1468 1659 1521 cibi
1683 1484 1985 1539 appetentes,

404 1545 600 1596 Certius
617 1548 993 1613 temperamenti
1011 1547 1136 1596 aeris
1151 1546 1407 1597 variationi
1427 1543 1540 1597 licet
1554 1546 1786 1611 assignare
1809 1546 2000 1598 causam
2014 1549 2191 1614 migra-

249 1617 399 1669 tionis
420 1615 612 1670 alecum
626 1655 640 1680 ,
677 1634 804 1690 quos
826 1616 978 1687 frigus
997 1622 1206 1671 nimium
1227 1616 1413 1685 glaciali
1436 1636 1630 1672 oceano
1653 1617 1880 1688 expulsos
1905 1638 2039 1672 mare
2064 1634 2191 1674 tem-

247 1695 458 1759 peratius
483 1710 716 1762 quaerere
735 1696 895 1760 cogit'3
935 1691 1064 1745 nulla
1094 1706 1260 1744 tamen
1287 1695 1510 1746 virorum
1531 1691 1799 1745 doctorum
1821 1693 2066 1761 diligentia
2095 1694 2218 1765 hos,

248 1781 441 1818 errores
469 1767 751 1835 periodicos
780 1771 1050 1819 accuratius
1086 1768 1399 1832 investigavit.
1512 1771 1728 1828 (Primus
1770 1770 1821 1818 in
1847 1773 1996 1837 patria
2027 1771 2199 1824 nostr!

247 1841 565 1907 migrationes
587 1840 673 1893 has
705 1839 898 1893 alecum
930 1842 1122 1893 infitiari
1145 1841 1285 1891 ausus
1306 1842 1372 1892 est
1398 1838 1471 1893 Cl.
1493 1836 1654 1893 Bloch
1669 1858 1692 1908 ,·
1729 1840 1907 1894 deinde
1933 1846 1982 1894 in
2003 1847 2190 1896 Britan-

248 1916 332 1963 nia
351 1918 421 1966 vir
443 1913 618 1967 dofius
638 1915 846 1967 eandem
876 1914 1237 1967 dubitationem
1264 1918 1404 1966 variis
1434 1919 1733 1980 argumentis
1766 1917 2062 1970 confirmare
2093 1920 2189 1972 stu-

245 1985 368 2039 duit.
446 1982 715 2057 AEctderson
748 1985 979 2041 Accotmt
1008 1985 1077 2057 of
1093 1981 1176 2039 tlte
1196 1985 1408 2058 present
1434 1985 1582 2041 State
1610 1986 1680 2059 of
1696 1985 1778 2041 tlte
1807 1987 2060 2044 Hebffsi'es
2080 1989 2188 2046 mid

246 2059 459 2130 western
491 2059 663 2131 Coetsts
693 2061 752 2134 of
780 2057 1060 2116 Scotz‘lcmd.
1129 2056 1344 2114 Lottdon
1375 2074 1531 2123 1785·
1632 2065 1821 2116 Contra
1852 2060 1966 2116 loli..
1999 2062 2185 2137 Gilpin

246 2153 439 2188 errores
470 2135 660 2190 alecum
688 2136 971 2206 periodicos
1003 2153 1091 2205 per
1118 2136 1383 2188 Americae
1412 2135 1618 2189 diversas
1651 2140 1876 2204 regi-ones
1902 2142 2185 2213 itin-erisque

247 2213 630 2265 totiusrationes
651 2211 1010 2279 diligentissime
1037 2212 1340 2277 investigavit
1371 2223 1419 2262 et
1448 2209 1694 2264 mensibus
1715 2215 1904 2265 notavit
1925 2216 1974 2265 in
1995 2217 2186 2269 Trans-

245 2282 435 2336 adiions
457 2283 518 2338 of
529 2284 610 2337 the
633 2287 854 2338 AmeriC.
874 2283 1049 2337 Philos.
1071 2288 1261 2351 Society
1286 2283 1395 2337 Vol.
1418 2289 1472 2336 ΙΙ.
1492 2304 1538 2354 p.
1564 2304 1590 2336 2
1605 2292 1683 2346 36.
1758 2291 1902 2355 Qiae
1921 2287 2183 2355 dissertatio

246 2359 478 2411 conversa
501 2363 551 2412 in
579 2360 859 2413 sermonem
892 2362 1232 2427 germanicum
1254 2360 1405 2412 exstat
1424 2362 1473 2411 in
1496 2355 1787 2431 Leipzig&
1807 2359 2073 2432 i'ifagazin
2098 2383 2184 2418 zur

246 2433 562 2501 Naturgesch.
597 2446 750 2497 1788.
772 2453 819 2504 p.
840 2453 926 2499 90.
945 2434 1108 2505 seqq.)

398 2511 499 2575 Qui
529 2507 667 2560 litora
697 2513 953 2579 nunquam
981 2508 1260 2578 relinquunt
1285 2507 1466 2576 pisces,
1502 2508 1847 2576 persentiscunt
1880 2524 1927 2562 et
1955 2510 2040 2581 ipsi
2060 2517 2185 2567 aeris

247 2577 664 2648 refrigerationem
683 2619 697 2643 ,
736 2600 947 2654 eamque
979 2596 1033 2634 ut
1063 2583 1325 2648 effugiant,
1363 2600 1525 2634 coeno
1551 2583 1596 2634 se
1619 2580 1832 2645 abdunt,
1871 2584 1957 2636 ubi
1974 2587 2185 2656 plurima

247 2673 356 2725 pars
377 2675 553 2710 eorum
574 2671 777 2727 torpore
799 2657 1021 2709 hiemem
1041 2655 1266 2723 transigit,
1302 2654 1464 2707 similis
1487 2653 1617 2717 ursis,
1649 2656 1970 2730 muribusqne
1998 2660 2185 2732 alpinis.

248 2735 449 2784 Veteres
463 2730 595 2784 hunc
616 2732 822 2802 piscium
838 2733 1068 2801 soporem
1079 2730 1393 2800 periodicum
1405 2746 1827 2794 memoraverunt,
1849 2740 2185 2790 recentiorum

244 2821 399 2858 nemo
410 2810 680 2859 accuratius
693 2825 809 2858 eum
823 2808 1138 2873 investigavit,
1152 2822 1434 2876 quanquam
1446 2805 1756 2872 indagatione
1768 2805 1991 2875 diligenti
2003 2810 2182 2878 dignis-

245 2876 439 2932 simum.
515 2884 675 2934 Huius
698 2881 881 2934 ordinis
899 2881 1051 2951 pisces
1072 2876 1211 2933 facile
1230 2880 1297 2931 est
1317 2879 1579 2947 agnoscere
1600 2878 1770 2932 habitu
1792 2887 2011 2951 corporis
2029 2883 2182 2952 longi,

243 2955 511 3022 pinnarum
532 2954 826 3008 ventralium
843 2955 1073 3016 absentia,
1099 2967 1341 3026 motuque
1365 2957 1589 3023 corporis
1610 2954 1828 3007 undatim
1853 2958 2184 3024 procedentis.

398 3032 690 3098 Torporem
718 3029 865 3102 aliqui
892 3031 1122 3083 dixerunt
1148 3029 1350 3099 piscium
1360 3065 1377 3090 ,
1410 3032 1497 3100 qui
1520 3027 1664 3097 plane
1698 3028 1941 3096 congelati
1965 3035 2016 3084 in
2035 3035 2186 3087 vitam

242 3117 536 3156 revocantur
567 3102 742 3157 caloris
774 3105 978 3158 accessu.
1046 3102 1252 3157 Fortasse
1285 3103 1419 3155 idem
1451 3101 1659 3172 piscibus
1688 3104 1910 3157 accidere
1944 3108 2187 3161 existima·

245 3191 376 3241 runt,
405 3178 544 3252 quod
565 3181 616 3231 in
632 3178 871 3234 membris
895 3178 1184 3236 animalium
1208 3176 1367 3231 calido
1385 3177 1618 3245 sanguine
1639 3177 1975 3250 praeditorum
1998 3182 2081 3234 usu
2103 3200 2187 3234 ve-

1201 3253 1298 3307 Oo
2078 3260 2185 3309 nire
