2571 3775
1022 320 1314 344 “““““““““·
2053 325 2116 375 33

1024 347 1109 356 ,-

384 441 693 527 Βέγλωσσα.
735 433 1013 511 Oppianus
1031 439 1064 488 Ι.
1081 454 1166 502 99.
1202 438 1336 501 juxta
1360 430 1498 487 litora
1520 437 1665 488 maris
1684 435 1882 490 humilia
1903 440 1949 491 in
1961 442 2118 494 arenis

242 520 520 574 delitescere
550 533 598 571 et
619 517 745 587 pasci
769 518 846 567 ait.
871 534 874 539 ·
921 507 1246 565 Xenocrates
1274 528 1316 562 e.
1347 529 1384 560 ῐ.
1434 503 1778 588 β8γλώσσ8ς,
1818 508 2040 585 ψήττας
2069 528 2120 568 et

240 590 448 671 ῥόμβες
469 595 702 645 nominat.
779 593 962 640 Iterum
974 602 1135 656 cap-9·
1170 578 1485 663 βέγλωσσοῑ
1503 586 1832 636 nominantur.
1869 583 2117 641 Aeliawus

246 672 419 727 x1.23.
451 661 794 744 βέγλωττον,
841 677 1022 729 genere
1053 657 1294 711 feminino
1316 660 1552 710 nominat.
1627 655 1906 711 Illarcellus
1930 659 2116 715 sidetes

243 739 376 792 versu
407 758 422 789 1
440 751 485 798 8-
520 746 582 797 ἐκ
603 733 779 798 τάδιον
800 730 1138 809 βέγλωσσον,
1175 735 1202 784 i.
1229 750 1269 784 e.
1294 730 1573 798 oblongum
1599 730 1721 784 dixit
1739 750 1917 799 genere
1940 749 2119 789 neutro

243 826 297 864 ut
321 810 613 885 Oppianus.
671 810 837 865 Soleas
867 804 1077 863 Plinius
1100 810 1441 866 imminenter,
1487 804 1673 876 absque
1701 805 1806 860 ullo
1832 805 2024 861 i'ormae
2045 812 2120 862 in-

240 886 399 949 dicio,
425 887 565 958 quod
585 902 750 939 tamen
775 903 837 937 ex
863 883 964 953 ipso
983 885 1187 934 nomine
1212 899 1392 949 graeco
1424 893 1472 932 et
1501 878 1649 933 latino
1672 881 1776 934 satis
1811 895 2003 934 certum
2032 882 2119 936 ha-

239 958 394 1012 betur.
471 957 736 1014 Columella
759 962 876 1011 VIII.
897 962 974 1009 16.
995 957 1035 1025 ᾗ.
1053 974 1100 1019 7.
1138 955 1307 1008 limosa
1339 957 1477 1021 regio
1496 953 1698 1024 planum
1724 955 1899 1007 educat
1919 952 2119 1025 piscem,

235 1033 370 1087 velut
399 1034 609 1096 soleam,
656 1032 954 1092 rhombum,
1001 1029 1249 1100 pafferem.
1340 1025 1681 1097 Lingulacam
1719 1027 1954 1096 ambiguo
1985 1032 2140 1084 sensti·

236 1112 463 1161 nominat
488 1105 710 1162 Plaustus
735 1105 902 1161 Casina
921 1109 974 1156 11.
1003 1116 1046 1162 8.
1070 1109 1156 1155 61.
1203 1104 1383 1155 Graeci
1404 1105 1700 1155 recentiores
1728 1101 2009 1171 buglossum
2037 1123 2121 1175 ap-

239 1182 477 1251 pellarunt
497 1177 878 1255 Σκυθόπωμοῃ,
915 1192 967 1231 ut
988 1177 1137 1231 docet
1157 1173 1349 1246 Cangii
1367 1174 1668 1230 Glossarium
1687 1179 1953 1230 Graecum.
2030 1183 2121 1232 Ita-

238 1272 337 1326 que
362 1255 443 1308 ubi
463 1254 743 1310 Marcellus
777 1254 963 1306 Sidetes
983 1252 1122 1304 versu
1151 1269 1232 1314 57.
1274 1249 1557 1318 bugloffum
1585 1255 1835 1314 nominat,
1881 1249 2119 1325 Kymni-

238 1327 357 1384 dum
375 1329 547 1384 audior
565 1349 610 1400 p.
645 1349 759 1394 ¹4¹⁴
808 1328 976 1381 vitiose
994 1330 1045 1378 in
1069 1325 1211 1378 latina
1230 1323 1449 1378 versione
1476 1320 1750 1397 skitopmia-
1777 1325 1939 1379 habet.

2171 439 2254 484 No.
2275 446 2313 494 8.

387 1430 762 1517 Στρωματὲῦς.
802 1440 1119 1490 Stromateus.
1170 1433 1309 1487 Philo
1329 1433 1458 1504 apud
1477 1429 1793 1488 Athenaeum
1812 1440 1908 1487 VII.
1926 1454 1970 1506 p.
1999 1452 2114 1500 322-
2142 1446 2236 1490 pise.
2264 1460 2328 1501 33·

239 1511 386 1568 refert
417 1533 564 1567 maris
597 1512 730 1566 rubri
755 1512 952 1583 piscem,
985 1513 1256 1562 Stromatea
1277 1507 1483 1570 dicium,
1514 1506 1676 1578 salpae
1699 1508 1922 1572 fimilem,
1950 1524 2113 1564 totum

240 1607 422 1659 corpus
454 1587 653 1656 virgulis
687 1588 769 1640 seu
800 1589 930 1639 vittis
966 1586 1123 1636 aureis
1160 1581 1346 1653 picium
1378 1581 1573 1636 habere.
1620 1578 1855 1660 (530213389
1886 1583 2030 1662 ἔχων
2059 1585 2116 1644 δι’

236 1659 335 1723 ἕλε
372 1666 440 1723 ri}
478 1658 721 1736 σώματος
764 1660 1071 1733 τεταμένας
1164 1652 1476 1733 ρυσιζέσας).
1587 1657 1736 1710 Vides
1774 1676 1895 1726 ergo
1938 1659 2120 1729 piscem

239 1736 319 1790 hic
345 1741 525 1809 requiri
546 1737 768 1789 Indicum
786 1773 799 1797 ,
835 1753 950 1797 cum
977 1736 1111 1785 Fiato
1134 1750 1158 1783 a
1186 1728 1472 1787 Roncleletii
1497 1733 1547 1783 in
1574 1735 1698 1784 mari
1725 1734 1892 1786 nostro
1920 1732 2120 1788 habitet.

240 1811 555 1865 Vocabulum
573 1828 834 1879 graecum,
874 1826 976 1880 quo
1010 1820 1058 1859 et
1081 1802 1298 1860 Clemens
1324 1804 1687 1859 Alexandrinus
1718 1805 1866 1861 libros
1897 1809 2011 1862 suos
2043 1812 2118 1862 in-

240 1884 454 1953 fignivit,
511 1884 744 1954 fignificat
786 1901 967 1953 corpus
1015 1884 1153 1933 variis
1194 1878 1443 1933 coloribus
1486 1878 1731 1948 eleganter
1759 1880 1946 1951 picium
1974 1901 2119 1936 more

240 1959 567 2027 stragulorum
596 1973 645 2012 et
681 1973 927 2028 tapetum,
973 1972 1098 2027 quae
1131 1957 1309 2007 Graeci
1340 1948 1634 2031 στρώματα
1661 1955 1845 2008 dicunt.
1957 1960 2118 2010 Nimis

242 2046 406 2087 tamen
424 2032 583 2086 brevis
605 2034 672 2100 est
691 2028 930 2086 Plzilom's
948 2030 1223 2098 descriptio,
1244 2047 1393 2100 quam
1418 2044 1470 2082 ut
1493 2047 1556 2080 ex
1578 2046 1632 2081 ea
1652 2031 1833 2099 piscem
1854 2032 2117 2098 agnoscere

240 2107 394 2161 liceat.
480 2107 700 2159 Similem
732 2109 891 2166 enim,
931 2102 1014 2155 nisi
1038 2101 1165 2155 forte
1210 2103 1424 2155 eundem
1463 2121 1525 2154 ex
1564 2107 1872 2157 innominato
1900 2103 2119 2168 auclore,

240 2200 392 2253 quem
406 2177 666 2235 Philonem
690 2179 783 2232 effe
799 2179 1021 2248 suspicor,
1044 2195 1104 2229 ex
1119 2177 1300 2229 eodeni
1323 2181 1444 2229 mari
1466 2181 1650 2230 notavit
1660 2174 1908 2231 Aeliamts
1920 2184 2017 2231 XII.
2034 2198 2059 2231 2
2075 2199 2118 2241 ς.

241 2251 380 2309 {auro
409 2254 614 2309 fimilem
638 2253 972 2321 longitudine,
1010 2269 1164 2322 quem
1196 2268 1223 2302 a
1246 2249 1488 2303 branchiis
1510 2251 1660 2322 usque
1695 2251 1756 2304 ad
1785 2252 1991 2305 caudam
2020 2258 2115 2306 vir-

242 2330 386 2398 gulae
417 2323 601 2383 aureae
629 2323 843 2406 (ῥοέβδοι
872 2328 1057 2403 χρυσῷ
1086 2326 1553 2400 προσεικασμέναᾼ,
1600 2324 1651 2378 id
1685 2327 1752 2378 est
1779 2327 2116 2403 χρυσίζέςσαρ

239 2409 468 2473 cingunt,
508 2422 626 2475 quas
653 2402 814 2454 media
845 2401 970 2452 secat
1005 2399 1128 2452 linea
1154 2414 1357 2467 argento
1382 2398 1558 2452 fimilis.
1653 2400 1727 2452 Os
1758 2400 1881 2463 hiat,
1919 2402 2115 2455 maxilla

240 2478 469 2533 inferiore
507 2478 732 2546 longiore
767 2475 952 2528 sursum
988 2477 1143 2538 flexa3
1219 2471 1393 2527 oculos
1425 2473 1629 2536 virides,
1684 2478 1840 2528 aureis
1876 2474 2117 2546 palpebris

241 2553 448 2616 cindlos,
472 2549 632 2605 habet.
706 2551 843 2609 Inter}
861 2550 1012 2619 pisces
1044 2551 1313 2615 variegatos
1343 2548 1586 2600 channam
1619 2562 1668 2601 et
1697 2552 2012 2604 stromateum
2041 2569 2118 2603 re-

243 2630 406 2683 censet
436 2621 803 2681 Artemidorus
832 2625 1148 2678 Onirocritic.
1193 2626 1244 2673 II.
1284 2641 1361 2685 14.

2136 1501 2238 1546 Gen.
2262 1516 2324 1555 ις.

2120 1578 2124 1581 >
2171 1560 2250 1602 No.
2276 1574 2311 1602 ι.

378 2733 553 2806 Ὅμως,
594 2737 766 2796 Onus,
804 2737 833 2785 i.
853 2750 895 2785 e.
930 2731 1123 2785 Afinus.
1181 2727 1475 2803 Aristoteles
1500 2735 1564 2783 H.
1585 2732 1648 2784 A.
1676 2737 1791 2786 VIII.
1826 2752 1905 2793 ις.
1946 2735 2120 2787 aestate
2146 2749 2244 2793 pise.
2268 2751 2333 2805 36.

241 2811 389 2865 latent
410 2816 558 2865 etiam
580 2810 765 2863 conditi
786 2807 942 2860 afinus
966 2821 1014 2859 et
1044 2819 1218 2859 aurata.
1293 2804 1501 2858 Afinum
1527 2806 1673 2860 latere
1694 2807 1906 2860 multum
1926 2822 2121 2878 tempo·
2144 2807 2248 2849 Gen.
2270 2809 2332 2850 ¹6·

240 2891 306 2940 ris
348 2887 530 2939 indicio
578 2884 672 2937 esse
699 2883 908 2943 videtur,
967 2880 1107 2951 quod
1138 2880 1293 2948 longo
1327 2879 1608 2949 interposito
1646 2895 1874 2951 tempore
1921 2886 2119 2951 capitur.

244 2966 326 3013 IX.
346 2978 428 3026 37.
460 2959 573 3013 latet
598 2973 652 3011 ut
671 2957 749 3010 alii
776 2961 923 3009 etiam
945 2954 1099 3008 afinus
1124 2958 1173 3006 in
1193 2973 1338 3007 arena
1363 2952 1671 3008 absconditus
1695 2970 1744 3008 et
1760 2959 1858 3008 oris
1887 2956 2121 3025 appendi-

177 3082 180 3087 .
243 3034 382 3088 cibus
405 3033 534 3106 quali
567 3032 704 3085 lineis
723 3029 979 3102 pisciculos
1009 3028 1136 3100 quafi
1169 3030 1230 3081 ad
1259 3027 1414 3096 algas,
1454 3026 1634 3099 quibus
1662 3030 1788 3081 vesci
1819 3029 2000 3092 solent,
2038 3048 2135 3099 εἱε-Γ

242 3124 492 3163 currentes
515 3121 684 3179 captat.
756 3105 948 3159 Eadem
969 3102 1112 3175 plane
1138 3103 1199 3157 de
1224 3102 1368 3156 asello
1392 3103 1519 3173 pisce
1540 3102 1682 3156 tradit
1706 3099 1954 3231 Plim‘bffis
1966 3104 2047 3156 sed
2070 3108 2118 3230 {ln

1294 3182 1332 3230 E
1943 3197 2065 3231 ecun
2104 3182 2120 3232 i

2171 2864 2250 2905 No.
2275 2876 2337 2906 10.
