2571 3775
214 448 314 490 Ibid.
353 457 368 474 ’-

217 505 295 548 No.
313 517 350 548 2.

406 332 434 369 2

549 449 689 502 Acus
710 439 976 516 Aristoteli
995 435 1196 515 βελόνη
1222 443 1302 494 est.
1352 442 1533 495 Histor.
1562 442 1779 496 Animal.
1800 448 1851 497 ΙΙ.
1883 463 1903 495 1
1923 462 1961 496 r.
2000 446 2056 498 V.
2084 463 2161 497 11.
2201 450 2277 500 VI.

407 542 428 574 1
448 540 488 585 3.
505 536 552 574 et
571 541 588 572 1
603 543 649 586 7.
687 522 748 575 de
769 524 997 573 Generat.
1018 516 1230 569 Animal.
1241 520 1373 582 III.4.
1414 534 1477 568 ex
1498 536 1599 588 quo
1610 517 1848 571 suahabet
1866 516 2068 573 Plinius
2089 525 2169 573 IX.
2192 541 2212 578 ς
2236 541 2272 571 r.

396 611 449 648 et
487 593 735 650 Aelianus
753 599 834 648 IX.
869 600 953 645 60.
1000 605 1049 644 et
1075 595 1178 642 XV.
1212 596 1288 641 16.
1409 590 1562 660 Apud
1591 587 1907 646 Athenaemn
1937 598 2033 646 VII.
2073 614 2118 666 p.
2152 612 2272 661 305.

400 673 546 723 etiam
572 669 780 748 ῥαφίδα
823 663 1052 738 appellat,
1097 662 1401 716 edentulum.
1522 694 1526 696 -

544 750 711 798 Locus
745 742 960 796 claflicus
982 741 1048 792 est
1072 741 1123 790 in
1140 738 1320 790 Histor.
1344 736 1655 790 Animalium
1678 740 1755 791 VI.
1787 758 1864 802 13.
1938 741 2158 814 Reliqui,
2198 745 2272 796 in-

399 822 528 892 quit,
560 819 709 889 pisces
740 831 878 887 partu
899 832 991 868 ova
1022 811 1300 878 excludunt.
1377 816 1547 879 Qem
1567 826 1729 865 autem
1751 812 1899 886 aliqui
1930 833 2077 868 acum
2107 822 2271 870 nomi-

401 907 541 955 nant,
585 907 809 962 tempore
842 887 1060 960 pariendi
1094 887 1321 948 instante,
1377 888 1617 955 rumpitur
1660 901 1805 959 atque
1842 892 1904 941 ita
1943 908 2036 942 ova
2074 906 2269 943 exeunt.

399 965 560 1019 Habet
603 970 737 1019 enim
768 965 847 1018 hic
887 961 974 1015 sub
1013 974 1179 1013 ventre
1218 963 1323 1013 imo
1357 956 1556 1013 inferius
1596 960 1843 1031 diaphyfin
1883 963 2158 1034 quandam,
2216 978 2271 1016 ut

399 1042 637 1111 serpentes
663 1037 898 1092 caeciliae.
973 1036 1138 1088 Postea
1169 1052 1290 1087 vero
1321 1051 1470 1104 quarn
1490 1038 1703 1104 peperit,
1743 1035 1920 1089 vulnus
1944 1040 2123 1089 iterum
2155 1056 2271 1092 coa-

401 1115 543 1169 lescit.
625 1119 679 1166 In
717 1113 814 1166 hoc
852 1110 966 1164 loco
1004 1128 1107 1161 non
1137 1106 1256 1161 levis
1299 1109 1366 1160 est
1387 1108 1637 1180 Codicum
1672 1124 1721 1162 et
1761 1111 2019 1180 scripturae
2052 1115 2268 1165 variatio,

400 1192 619 1244 Primum
646 1192 695 1242 in
731 1185 888 1241 verbis
917 1190 973 1242 ἐν
1005 1177 1138 1261 ’γόνω
1178 1187 1412 1240 vlia-8072)
1448 1179 1537 1258 2192}
1574 1179 1647 1241 τοὶ
1690 1179 1767 1241 ωὀὶ
1810 1185 2061 1260 afficiam,
2092 1222 2095 1225 -
2132 1203 2269 1257 prae-

401 1262 689 1335 positionem
727 1268 781 1321 ἐν
805 1259 982 1316 Codex
1002 1242 1257 1310 Mediceus
1283 1275 1400 1309 cum
1419 1271 1584 1310 vetere
1605 1257 1824 1313 verfione
1844 1264 2041 1313 omittit.
2087 1258 2271 1315 Gazae

402 1336 555 1392 verfio
587 1340 648 1389 ita
677 1334 839 1390 habet:
889 1335 1082 1388 Caeteri
1113 1331 1264 1402 pisces
1298 1349 1390 1384 ova
1423 1331 1605 1385 eodem
1633 1329 1876 1386 foramine
1904 1334 2076 1388 vulvae
2104 1335 2270 1388 edunt.

402 1411 628 1464 Similiter
651 1408 750 1463 fere
772 1406 954 1463 Cantus
968 1424 984 1459 .·
1031 1403 1131 1459 Les
1141 1402 1368 1477 pozffims
1391 1412 1480 1458 om}
1500 1423 1568 1458 un
1588 1423 1784 1477 organe
1803 1406 1983 1479 destina
2003 1406 2034 1462 ιὲ
2056 1406 2272 1463 l’accou-

387 1483 608 1558 plement
634 1492 680 1538 et
709 1480 740 1537 ci
778 1479 1026 1553 l'emiffion
1049 1476 1133 1533 des
1156 1478 1313 1551 oeujs.
1399 1483 1625 1553 Uterque
1655 1481 1798 1535 male.
1887 1484 2082 1537 Deinde
2117 1485 2275 1556 sequi-

398 1576 499 1613 tur:
536 1558 650 1636 ἔχω
684 1553 789 1638 γάρ
827 1582 945 1617 τινα
973 1555 1071 1614 ἔσω
1103 1554 1129 1613 ὁ
1155 1550 1325 1632 ι’χθῦς
1358 1552 1482 1623 ἔτος·
1508 1550 1752 1631 διάφυσιν
1775 1552 1875 1618 timi
1902 1554 1999 1632 τὴν
2027 1560 2273 1638 γαστέρα

400 1631 490 1712 Q)
522 1635 582 1692 τὸ
607 1631 774 1708 ἦτρον,
859 1636 972 1685 Vox
992 1630 1234 1700 postrema
1259 1643 1448 1699 partem
1465 1634 1646 1683 ventris
1668 1630 1755 1684 sub
1777 1632 2015 1687 umbilico
2037 1632 2274 1702 fignificat

400 1709 557 1763 latinis
596 1706 784 1778 spedtile
813 1709 862 1758 in
902 1704 1064 1758 suibus
1108 1702 1325 1766 dietum,
1402 1717 1454 1756 ut
1490 1703 1661 1759 auctor
1700 1707 1767 1759 est
1807 1703 1999 1778 Festus.
2089 1705 2274 1761 Gazae

403 1782 555 1838 verfio
588 1780 827 1853 diaphyfin
857 1784 1033 1834 rimam
1064 1782 1428 1848 interpretatur,
1468 1797 1617 1850 quam
1642 1780 1858 1852 sequitur
1887 1778 2104 1849 Cama&
2140 1795 2272 1835 uter-

404 1877 497 1929 que
530 1861 674 1910 etiam
701 1861 934 1926 interpres
966 1851 1125 1908 omifit
1153 1851 1452 1907 vocabulum
1481 1852 1604 1919 ἔσω,
1652 1856 1789 1926 quod
1819 1858 1918 1922 jam
1951 1856 2073 1910 olim
2103 1855 2271 1909 delen-

404 1932 524 1985 dum
552 1932 733 1984 censuit
758 1926 1031 1984 Salvianus
1051 1929 1169 1980 Hist.
1188 1926 1402 2000 Aquatil.
1441 1945 1486 1998 p.
1514 1934 1599 1992 69.
1627 1929 1692 1981 A.
1787 1931 2005 1985 Codices
2041 1935 2189 1984 etiam
2223 1946 2272 1984 et

403 2005 642 2061 versiones
674 2005 886 2058 vetustae
918 2022 945 2056 a
978 2002 1127 2057 Gallo
1172 1998 1357 2056 Camus
1391 2000 1630 2073 inspectae
1666 2007 1917 2057 omittunt.
2008 2010 2102 2059 Pro
2145 2024 2272 2059 voce

403 2078 556 2157 ἦτρον
598 2080 774 2135 Codex
802 2078 1056 2132 Mediceus
1090 2095 1206 2128 cum
1241 2075 1461 2129 verfione
1506 2074 1651 2130 Scoti
1684 2092 1732 2131 et
1780 2080 2039 2146 Anonymi
2087 2079 2270 2134 habent

404 2155 575 2231 ἧπαρ,
613 2159 643 2207 i.
662 2174 702 2208 e.
738 2157 887 2222 jecur.
918 2151 1067 2205 male!
1125 2154 1355 2223 Denique
1383 2149 1530 2204 verba
1562 2153 1833 2221 postrema:
1881 2151 2009 2212 ὅταν
2037 2152 2094 2212 δὲ
2120 2157 2267 2230 τέκῃ,

403 2230 462 2305 ᾗ]
497 2226 584 2305 249³)
626 2223 931 2304 συμφύετοι]
968 2221 1133 2287 πάλιν
1169 2229 1360 2284 ταῦτα.
1417 2225 1566 2295 paulo
1598 2226 1780 2279 diverse
1815 2228 1985 2297 scripta
2036 2227 2270 2281 exhibent

404 2303 633 2358 Codices.
720 2306 901 2369 Regius
947 2305 1106 2362 enim,
1177 2303 1435 2352 Vaticanus
1468 2313 1516 2352 et
1549 2300 1807 2354 Mediceus
1838 2320 1930 2371 pro
1961 2303 2093 2379 τέκῃ
2132 2302 2270 2356 exhi-

404 2374 521 2429 bent
556 2377 771 2451 ὲκτέκῃ,
827 2390 874 2428 et
915 2375 1143 2445 deinceps
1183 2373 1363 2428 Codex
1401 2373 1659 2428 Mediceus
1701 2376 1931 2446 scriptum
1960 2375 2108 2430 habet
2147 2393 2269 2429 con-

404 2456 570 2512 tinuo,
610 2451 793 2504 omiffis
824 2446 912 2526 χρῷ
949 2449 1029 2525 ff,
1067 2450 1287 2524 ἐκτέκῃ,
1328 2443 1636 2524 συμφύεται]
1662 2452 1840 2509 τοῖυτοι
1861 2446 2040 2511 πάλιν.
2100 2453 2272 2524 Atque

405 2529 468 2578 ita
496 2529 640 2578 eriam
668 2522 821 2577 verfio
847 2525 1102 2589 Anonymi
1129 2527 1310 2577 vetusta
1330 2522 1491 2576 habet.
1569 2528 1751 2577 Vitium
1767 2529 1816 2578 in
1830 2527 2087 2595 postremis
2108 2526 2269 2580 verbis

405 2599 565 2651 adhuc
600 2599 825 2659 haerere,
892 2612 939 2650 et
971 2591 1278 2673 ovktacptieroas
1317 2592 1381 2657 ro*
1418 2599 1635 2673 τροῖυμοι
1661 2594 1826 2659 πάλιν
1872 2599 2138 2667 legendum
2176 2601 2270 2654 effe

406 2674 581 2726 indicat
615 2670 778 2726 Plinii
809 2672 947 2725 locus
969 2677 1048 2723 IX.
1089 2669 1211 2724 Se‘st.
1239 2677 1322 2732 76.
1397 2673 1554 2733 Acus,
1591 2675 1776 2744 inquit,
1814 2672 1909 2726 five
1933 2672 2113 2727 belone
2142 2694 2267 2728 unus

403 2749 605 2817 piscium
625 2746 896 2799 dehiscente
919 2760 1116 2817 propter
1141 2745 1504 2798 multitudinem
1526 2764 1740 2799 ovorum
1766 2762 1906 2800 utero
1926 2752 2062 2818 parit.
2101 2750 2271 2820 Apar-

405 2836 458 2874 tu
495 2821 717 2875 coalescit
748 2821 948 2884 vulnus,
1009 2820 1145 2892 quod
1183 2835 1231 2873 et
1270 2824 1320 2872 in
1354 2824 1511 2873 caecis
1547 2820 1846 2891 serpentibus
1880 2822 2087 2875 tradunt.
2173 2824 2268 2876 Sed

407 2901 659 2963 geminum
696 2892 900 2948 Plinius
933 2914 1152 2948 errorem
1172 2894 1359 2948 admifit·
1380 2898 1427 2947 in
1457 2899 1906 2965 interpretationem
1929 2897 2078 2949 suam.
2135 2898 2269 2951 Male

408 2974 538 3022 enim
568 2985 760 3023 uterum
794 2989 883 3040 pro
922 2983 1087 3023 ventre
1114 2969 1263 3031 dixit,
1311 2984 1360 3022 et
1387 2969 1750 3023 multitudinem
1790 2990 2005 3023 ovorum
2039 2990 2129 3041 pro
2165 2991 2269 3024 ma-

408 3045 657 3110 gnitudine
672 3045 839 3114 potuit.
914 3049 979 3095 Ita
992 3048 1125 3096 enim
1149 3044 1296 3096 docet
1323 3043 1440 3096 alter
1472 3041 1759 3114 Aristotelis
1784 3045 1922 3097 locus
1946 3050 2007 3097 H.
2020 3049 2082 3097 A.
2095 3051 2170 3097 VI.
2196 3066 2269 3108 ¹7-

408 3119 546 3172 Acus
578 3123 720 3171 etiam
742 3117 998 3188 appellata,
1038 3121 1220 3190 inquit,
1272 3119 1379 3173 sero
1408 3122 1562 3190 parit,
1610 3133 1661 3172 et
1692 3118 1932 3190 plurimae
1964 3139 2130 3173 earum
2163 3134 2272 3172 ante

2080 3211 2274 3268 parrum
