2571 3775
423 317 490 377 56

414 435 882 508 'lediionemGazae
904 428 1192 490 tenebimus.
1267 439 1347 489 De
1382 439 1475 488 vita
1499 433 1799 502 thynnorum
1829 434 2126 507 piscatorum
2153 434 2292 491 fabu-

411 515 480 568 las
521 512 664 568 refert
693 507 1017 581 Aristotelem,
1054 524 1110 563 ut
1146 523 1370 579 apertum
1403 512 1470 564 est
1500 529 1563 563 ex
1604 508 1793 571 verbis3
1851 531 2026 564 verum
2062 511 2129 566 illi
2162 511 2291 566 for-te

413 589 715 657 thynnorum
745 590 893 638 vitam
918 603 1031 637 eam
1060 583 1419 651 intelligebant,
1455 601 1717 656 quousque
1742 604 1930 638 nomen
1960 605 2078 639 cum
2097 591 2287 654 magni-

413 664 582 727 tudine
601 662 894 714 mutaverint
905 672 954 711 et
969 675 1277 724 ‘orcynorum
1299 675 1487 710 nomen
1506 658 1671 728 adepti
1680 655 1870 728 suerint.
1944 660 2139 713 Deinde
2151 661 2290 733 quod

410 736 655 803 subjungit
671 732 990 804 philosophus
1015 730 1308 797 thynnidum
1332 734 1698 785 incrementum
1720 733 1826 797 fieri
1850 732 2096 797 celeri—ter,
2140 738 2290 805 primi

413 814 527 865 anni
546 808 753 868 foetum,
771 823 929 877 quem
949 804 1025 856 alii
1047 803 1268 870 Cordylas
1292 820 1608 875 nuncupant,
1644 805 1850 876 intelligi
1876 808 2113 862 orationis
2146 811 2291 862 series

410 885 504 954 ipsa
537 882 860 940 demonstran
924 882 1008 950 qui
1035 896 1151 931 vere
1182 881 1417 947 proximo
1445 879 1750 950 pelarnidum
1782 900 1970 936 nomen
2002 884 2289 953 adipiscitur.

411 956 569 1012 Gaza
585 957 700 1009 hinc
719 973 822 1008 non
841 951 1100 1020 thynnides
1120 952 1201 1004 sed
1219 966 1415 1022 partum
1430 956 1772 1024 interpretatus
1791 958 1872 1009 est.
1919 1005 1921 1008 Α
1947 963 2085 1010 Haec
2099 955 2288 1010 foetura

406 1047 649 1085 autumno
671 1032 804 1082 exire
824 1031 984 1081 Ponto
1007 1026 1183 1080 dicitur
1205 1029 1324 1078 cum
1345 1025 1567 1094 thynnis3
1609 1029 1690 1082 sed
1703 1030 1882 1088 Codex
1894 1031 2153 1084 Mediceus
2173 1049 2291 1082 cum

408 1120 571 1161 vetere
590 1103 806 1158 verfione
826 1101 1084 1168 thynnides
1102 1099 1184 1152 hic
1203 1103 1383 1154 iterum
1403 1104 1603 1169 ingerit3
1645 1107 1906 1171 Vaticanus
1926 1112 2047 1173 ταῖς
2069 1099 2290 1172 θύννους

409 1179 580 1241 habet,
612 1177 766 1233 Gaza
795 1173 948 1247 foetas
965 1175 1152 1245 posuit,
1182 1172 1281 1227 fine
1307 1174 1629 1242 dubioetiam
1653 1176 1918 1232 lestionem
1942 1187 2063 1248 ταῖς
2080 1174 2290 1246 θύμω-ις

404 1253 611 1307 secutus.
687 1246 934 1316 Alhertu's
953 1243 1510 1320 pelamidesssgylemedes
1530 1254 1867 1323 interpretatur
1885 1267 1935 1306 et
1947 1251 2091 1307 latine
2105 1249 2289 1306 melan-

409 1326 527 1381 dam
543 1326 641 1381 dici
651 1329 741 1386 ait3
763 1323 960 1391 thynnis
970 1321 1037 1375 illi
1049 1322 1185 1376 audit
1199 1322 1381 1394 ubique
1393 1319 1617 1397 rochyon
1626 1342 1651 1393 ;
1686 1326 1749 1379 de
1763 1327 2015 1380 auxideita
2029 1326 2108 1393 ille
2121 1326 2291 1379 habet:

411 1416 619 1455 vocatur
642 1398 702 1451 ab
717 1397 955 1470 aliquibus
977 1400 1077 1450 cito
1102 1395 1309 1450 fideleos
1325 1433 1340 1459 ,
1372 1396 1473 1451 hoc
1489 1401 1562 1451 est
1576 1405 1985 1468 augmentativus.
2043 1401 2290 1454 Ultimam

408 1473 695 1545 particulam
709 1510 723 1536 ,
759 1472 843 1525 ubi
865 1470 1091 1538 cordylae
1109 1469 1191 1524 seu
1213 1469 1473 1538 thynnides
1491 1490 1607 1526 vere
1627 1479 1862 1543 proximo
1889 1477 1988 1541 jam
2014 1474 2288 1545 pelamides

406 1547 1008 1616 taetae'Pontnm-intrare
1041 1544 1298 1607 dicuntur,
1342 1540 1593 1600 Albertus
1628 1548 1764 1602 aliter
1803 1549 1984 1602 reddit:
2038 1546 2206 1610 intrat
2234 1546 2291 1602 in

410 1639 526 1677 vere
550 1621 671 1676 ficut
688 1618 828 1693 facit
845 1615 1174 1692 Δ-Ιὲῃίαηωιιίζκ,
1212 1616 1355 1690 quod
1369 1635 1461 1673 nos
1478 1637 1737 1689 murenam
1768 1639 2016 1677 vocamus.
2091 1623 2287 1693 Ineptiss

411 1694 551 1752 fime!
609 1696 703 1749 Sed
731 1708 1011 1764 repetamus
1033 1692 1391 1765 adhuc-locum
1411 1712 1476 1746 ex
1494 1699 1559 1747 H.
1580 1696 1646 1747 A.
1665 1701 1722 1749 V.
1743 1717 1789 1762 9.
1830 1695 1913 1757 ubi
1933 1698 2126 1764 thynnis
2145 1697 2217 1751 bis
2238 1710 2288 1750 et

412 1771 686 1825 seeundum.
712 1773 838 1822 circa
869 1768 1090 1822 mensem
1122 1765 1440 1820 Posidonium
1477 1770 1590 1838 post?
1619 1768 1853 1823 brumam
1888 1787 2061 1839 ‚parere
2097 1771 2288 1824 dicitur.

409 1845 603 1914 vulgati
621 1844 700 1897 hic
716 1842 826 1896 *libri
847 1849 961 1896 mete
979 1836 1210 1895 brumam
1229 1839 1436 1903 habent3
1474 1842 1555 1896 sed
1568 1845 1754 1898 Codex
1779 1844 2042 1907 Canifiani,
2083 1850 2133 1898 B.
2156 1844 2286 1898 Rhe-

411 1925 522 1975 nani
544 1935 594 1972 et
615 1922 748 1972 Gaza
769 1916 1032 1971 leffionem
1051 1917 1160 1984 post
1180 1914 1409 1967 brumam
1427 1914 1632 1970 habent:
1669 1937 1822 1991 quam
1857 1920 2108 1973 Codicum
2145 1937 2285 1989 prae-

406 1994 803 2058 stantissimorum
825 1990 943 2046 fidei
968 1990 1180 2043 confisus
1204 1987 1459 2059 praefero„
1535 1993 1850 2046 Manifestum
1876 1993 2039 2046 autem
2061 2012 2124 2046 ex
2145 2012 2287 2047 com-

405 2073 656 2139 paratione
675 2066 931 2126 locorum,
967 2081 1094 2135 quae
1114 2064 1361 2133 apposui,
1381 2063 1475 2117 effe
1504 2079 1631 2134 puto
1660 2065 1771 2119 alibi
1801 2067 2091 2134 thynnidem
2120 2086 2146 2120 a
2177 2068 2284 2137 phi·-

406 2142 619 2212 losopho
641 2159 731 2211 pro
750 2138 889 2194 foetu
909 2137 1210 2204 thynnorum
1233 2141 1379 2206 poni3
1418 2152 1586 2191 contra
1610 2142 1659 2192 in
1679 2140 1796 2194 loco
1816 2146 1871 2193 V.
1900 2161 1947 2206 9.
1987 2142 2180 2209 thynnis
2195 2146 2284 2195 'vi-

402 2217 548 2269 detur
575 2216 744 2281 thynni
761 2212 940 2266 femina
964 2211 1178 2279 intelligi.
1252 2214 1400 2264 Nunc
1419 2212 1481 2264 ad
1501 2212 1686 2284 reliqua
1708 2214 1830 2267 loca.
1872 2219 1948 2281 IV.
1971 2234 2045 2266 ιο.
2067 2215 2281 2283 thynnos

406 2292 546 2359 saepe
565 2290 870 2342 dormientes
892 2284 1200 2352 circumdant
1214 2283 1428 2346 retibuS,
1464 2285 1604 2356 quod
1623 2305 1692 2339 -ex
1716 2306 1779 2341 eo
1800 2287 2108 2356 intelligitur,
2141 2290 2282 2362 quod

409 2363 709 2436 quiescentes
730 2375 784 2414 >et
812 2359 980 2412 leviter
1008 2356 1277 2411 oculorum
1304 2371 1496 2427 partem
1522 2357 1684 2413 albam
1715 2361 1983 2431 pandentes
2011 2367 2281 2433 capiuntur.

405 2435 575 2491 Nod'tu
591 2438 757 2506 potius
779 2452 929 2506 quam
952 2431 1164 2485 interdiu
1186 2431 1469 2494 dormiunt,
1498 2436 1561 2485 ita
1586 2433 1727 2504 sopiti
1751 2450 1804 2488 ut
1833 2455 1896 2489 ne
1920 2435 2050 2503 jastu
2078 2438 2280 2510 quidem

407 2511 619 2567 fuscinae
638 2522 954 2565 moveantur-3
1005 2522 1055 2559 et
1075 2523 1250 2573 magna
1274 2523 1336 2558 ex
1356 2512 1492 2576 parte
1516 2505 1592 2560 vel
1613 2508 1677 2561 ad
1702 2527 1899 2564 arenam
1919 2511 1997 2564 vel
2020 2512 2080 2564 ad
2100 2527 2280 2566 terram

405 2586 486 2639 vel
515 2584 578 2637 ad
599 2583 812 2652 lapidem
832 2585 881 2633 in
913 2578 1070 2633 fundo
1098 2578 1434 2648 procumbunt
1457 2594 1544 2632 aut
1568 2581 1659 2634 sub
1682 2584 1799 2636 laxo
1826 2583 1992 2655 aliquo
2024 2600 2110 2638 aut
2138 2586 2282 2638 litore

405 2657 570 2714 abditi.
623 2659 868 2710 Postrema
890 2652 971 2707 etfi
993 2654 1052 2705 ad
1074 2671 1228 2722 genus
1250 2653 1528 2706 universum
1541 2656 1750 2724 piscium
1772 2662 2030 2726 pertinent,
2057 2659 2120 2712 de
2139 2660 2280 2725 thyn-

407 2738 483 2788 nis
511 2747 677 2785 tamen
706 2729 816 2784 solis
846 2726 1007 2788 retulit
1036 2723 1245 2793 Plinius
1276 2731 1337 2779 X.
1360 2745 1462 2797 cap.
1488 2747 1574 2791 75.
1631 2730 1694 2783 de
1724 2730 1916 2797 thynnis
1944 2733 2281 2787 confidentius

409 2808 707 2872 affirmatur,
743 2804 1012 2872 (dormire)
1044 2804 1178 2866 juxta
1205 2804 1331 2869 ripas
1357 2806 1490 2854 enim
1520 2817 1602 2855 aut
1621 2818 1781 2874 petras
1809 2805 2074 2859 dormiunt.
2110 2812 2166 2859 V.
2202 2825 2283 2870 32.

407 2876 643 2940 oestrus,
679 2881 762 2949 qui
783 2876 975 2944 thynnis
989 2878 1115 2927 circa
1138 2878 1309 2944 pinnas
1331 2874 1629 2944 (pestorales
1653 2880 2013 2948 autventrales)
2036 2881 2282 2943 adhaeret,

413 2952 750 3024 magnitudine
769 2953 837 3005 est
855 2966 1074 3010 araneae,
1090 2950 1337 3017 scorpioni
1359 2964 1580 3002 ceterum
1605 2951 1781 3006 fimilis.
1856 2958 1970 3006 VIII.
1995 2974 2068 3021 ¹9·
2105 2956 2282 3009 eadem

414 3028 477 3078 de
501 3027 692 3095 thynnis
712 3039 759 3077 et
783 3024 951 3093 gladiis
973 3026 1172 3092 repetit,
1222 3025 1541 3096 oestrumque
1569 3025 1702 3079 addit
1733 3027 1884 3096 pisces
1908 3047 1994 3083 eos
2013 3029 2098 3081 sub
2115 3043 2283 3082 ortum

415 3098 661 3176 caniculae
691 3100 790 3152 tam
817 3097 1111 3154 vehemente
1139 3095 1319 3153 dolore
1344 3117 1548 3160 vexare,
1599 3114 1653 3153 ut
1681 3099 1868 3169 gladius
1897 3103 2037 3173 laepe
2065 3102 2286 3172 delphini

2146 3178 2293 3232 instar
