2571 3775
1084 322 1376 342 -“““““““
2114 327 2178 377 57

294 447 438 501 instar
460 449 581 499 mari
599 442 781 503 exiliat,
812 438 950 508 saepe
980 438 1129 489 etiam
1160 438 1210 488 in
1235 437 1424 502 navigia
1448 433 1642 490 incidat.
1720 442 1947 511 Sequitur
1970 440 2173 505 ibidem,

293 523 508 588 thynnos
527 522 757 571 omnium
778 516 996 565 maxime
1027 524 1202 580 tepore
1234 511 1476 578 gaudere,
1529 510 1745 583 ideoque
1776 532 1977 568 arenam
2010 516 2172 570 litora-

294 594 396 648 lem
414 592 569 652 adire,
607 604 654 642 et
679 593 729 641 in
752 589 948 640 summo
973 589 1104 638 'mari
1125 589 1338 637 innatare
1369 599 1423 637 ut
1450 598 1620 654 tepore
1649 589 1912 655 potiantur.
1987 594 2064 641 De
2091 608 2172 643 ea·-

295 670 410 720 dem
430 670 480 717 r'e
503 668 618 716 VIII.
650 681 726 724 13.
759 662 1002 729 thynnum
1020 664 1083 711 ait
1105 661 1214 729 post
1235 657 1481 711 areiurum
1516 659 1574 711 ad
1600 663 1818 728 priorem
1849 665 2003 714 carnis
2027 662 2170 717 boni-

291 755 443 793 tatem
465 738 650 800 redire,
683 739 942 808 postquam
962 733 1021 786 ab
1040 735 1202 787 oestro
1222 738 1387 787 vexari
1404 732 1565 796 defiit,
1612 752 1737 806 quae
1771 736 1908 787 causa
1937 732 2076 798 facit,
2117 751 2171 791 ut

291 832 378 884 per
398 814 626 865 aestatem
659 811 872 864 deterior
891 808 957 862 fit.
1042 804 1252 861 Plinius
1287 813 1366 860 IX.
1399 826 1501 878 cap.
1535 828 1551 858 t
1571 826 1611 869 ς.
1662 808 1838 861 animal
1870 811 1938 862 est
1963 829 2169 880 parvum

290 889 559 956 scorpionis
578 886 765 953 effigie,
802 886 964 937 aranei
985 882 1349 950 magnitudine5
1397 881 1495 936 hoc
1524 882 1571 934 se
1607 896 1655 934 et
1677 882 1870 949 thynnis
1898 898 1947 936 et
1974 889 2042 948 ei,
2083 891 2168 957 qui

291 960 481 1029 gladius
508 975 726 1022 vocatur,
763 958 941 1012 crebro
961 956 1178 1025 delphini
1199 957 1588 1024 magnitudinem
1601 956 1878 1019 excedenti,
1911 957 2164 1028 sub-pinna

289 1035 454 1104 affigat
471 1033 645 1088 aculeo
659 1072 672 1097 ,
708 1048 943 1105 tantoque
962 1029 1146 1083 infestat
1165 1029 1367 1091 dolore,
1397 1044 1448 1082 ut
1465 1033 1516 1081 in
1538 1048 1684 1083 naves
1708 1031 2059 1100 saepenumero
2080 1052 2167 1086 ex-

288 1109 454 1162 filiant.
493 1107 578 1162 ubi
599 1112 698 1175 jam
719 1107 798 1162 alii
817 1107 1043 1160 viderunt
1062 1107 1149 1158 viri
1170 1102 1304 1157 clodii
1323 1100 1553 1157 Plinium
1572 1107 1620 1157 in
1642 1106 2011 1174 interpretandis
2029 1125 2168 1175 grae-

290 1188 360 1237 cis
389 1182 547 1236 verbis
580 1182 770 1253 lapsum
803 1181 929 1243 effe,
959 1197 1087 1251 quae
1119 1177 1337 1247 gladium
1370 1195 1469 1231 non
1501 1174 1668 1232 minus
1700 1197 1849 1251 quam
1878 1179 2170 1250 delphinern-

288 1261 409 1311 mari
433 1256 617 1310 exfilire
637 1257 922 1326 significant,
948 1273 1065 1307 cum
1082 1249 1292 1307 Plinius
1310 1267 1393 1305 aut
1411 1250 1537 1305 forte
1567 1249 1832 1323 Nigidius
1850 1258 1912 1307 ita
1933 1259 2169 1326 interpre-

289 1346 415 1385 tatus
438 1331 490 1384 fit
511 1330 639 1404 quafi
662 1334 895 1401 {criptum
920 1328 973 1382 fit
1002 1344 1099 1381 non
1129 1324 1381 1381 minorem.
1414 1326 1506 1393 (ἐκ
1537 1322 1863 1387 ἐλάττω-τὲ
1890 1328 2168 1405 δελφῖνος)

239 1442 243 1445 «
287 1411 447 1475 Pergit
468 1402 766 1476 Aristoteles
793 1409 910 1457 VIII.
933 1421 978 1455 2.
1020 1402 1233 1468 thynnos
1263 1415 1318 1453 ut
1345 1400 1618 1471 plurimum
1639 1420 1800 1464 carne,
1830 1405 2076 1457 interdum
2096 1419 2165 1457 ta-

285 1500 401 1534 men
438 1484 584 1534 etiam
622 1479 739 1534 fuco
761 1493 808 1532 et
837 1477 942 1546 alga
971 1478 1107 1530 vesci.
1192 1481 1307 1528 VIII.
1344 1483 1425 1538 3'0.
1477 1479 1714 1528 Vitiantur
1742 1481 1890 1530 etiam
1917 1477 2167 1533 senediut'e‘

285 1556 465 1625 pisces,
493 1569 542 1609 et
562 1555 766 1627 quidem
786 1553 956 1621 thynni
973 1550 1130 1604 velad
1157 1550 1429 1603 salsamenta
1457 1550 1592 1603 senes
1613 1550 1972 1620 improbantur,
2013 1552 2164 1622 pluri-

286 1648 430 1684 mum
451 1634 585 1683 enim
606 1633 763 1682 carnis
794 1631 843 1681 in
865 1625 1035 1681 oleum
1068 1625 1385 1698 colliquescit.
1465 1628 1614 1679 Senes
1644 1626 1978 1694 agnoscuntur
2011 1628 2165 1696 pisces

284 1704 622 1773 magnitudine
644 1718 692 1757 et
710 1703 886 1755 duritie
906 1702 1248 1773 squamarum,
1295 1714 1345 1753 et
1362 1701 1460 1765 jam
1486 1713 1654 1768 captus
1681 1701 1748 1753 est
1769 1700 1979 1768 thynnus
2001 1703 2166 1766 senex,

285 1783 373 1852 qui
394 1778 569 1832 talenta
610 1799 626 1830 1
646 1798 689 1833 ς.
720 1774 989 1847 pendebat,
1035 1774 1245 1828 caudalis
1284 1790 1406 1828 vero
1437 1773 1642 1827 latitudo
1673 1779 1850 1844 pinnae
1880 1775 2165 1832 cubitorum

320 1857 504 1924 uinque
527 1867 576 1906 et
606 1851 754 1922 palmi
788 1849 1102 1922 (spithamae)
1131 1863 1244 1903 erat.
1359 1848 1454 1901 Sed
1486 1847 1586 1902 hoc
1620 1847 1736 1903 loco
1778 1848 1931 1904 verfio
1954 1849 2165 1915 Gazae,

286 1872 428 1982 g'cotz‘
453 1941 501 1980 et
520 1923 779 1999 Anonymi
806 1926 933 1978 duos
961 1938 1152 1977 tantum
1182 1921 1375 1976 cubitos
1397 1937 1616 1992 ponunt3
1658 1942 1869 1997 eamque
1899 1924 2165 1981 lessionem
2236 1936 2246 1951 “

284 1997 494 2056 Plinius
516 2005 598 2052 IX.
629 2020 644 2051 1
663 2020 706 2062 5.
744 2001 961 2061 secutus,
999 2001 1305 2057 invenimus,
1341 2001 1526 2069 inquit,
1566 1997 1742 2051 talenta
1766 2000 2052 2071 quindecim
2076 2018 2164 2070 pe·-

288 2074 506 2145 pendiffe
528 2074 783 2142 thynffum.
857 2073 1092 2139 Ejusdem
1116 2073 1300 2125 caudae
1331 2071 1637 2124 latitudinem
1659 2072 1762 2125 duo
1791 2072 1951 2126 cubita
1982 2089 2030 2128 et
2060 2074 2163 2144 pal-

288 2167 454 2212 mum,
494 2148 578 2200 ubi
613 2150 822 2216 peffimo
842 2146 1077 2216 exemplo
1098 2143 1406 2200 Hm'dzssinus
1427 2164 1488 2198 ex
1517 2144 1810 2216 Aristotelis
1840 2146 1970 2204 libris
1994 2149 2163 2217 vulga-

283 2227 344 2277 tis
373 2220 592 2294 quinque
613 2222 838 2292 reposuit.
913 2225 1032 2273 Duo
1052 2225 1187 2273 enim
1208 2219 1370 2271 cubita
1393 2223 1532 2288 ponit
1551 2238 1614 2272 ex
1643 2217 1819 2274 Plinio
1858 2219 2164 2277 Vincentius

284 2301 428 2351 XVII.
460 2314 563 2366 cap.
594 2314 708 2358 132.
750 2295 830 2348 sed
861 2293 1156 2362 longitudini
1185 2293 1378 2355 tribuit,
1423 2307 1594 2346 contra
1620 2293 1854 2347 latitudini
1885 2296 2078 2351 Auffior
2100 2298 2163 2351 de

285 2390 452 2425 rerum
480 2385 648 2423 natura
666 2369 855 2422 ibidem
880 2368 1110 2422 laudatus.
1135 2398 1201 2408 --
1276 2373 1444 2421 Locus
1465 2367 1711 2436 singularis
1734 2371 1800 2422 est
1816 2372 1931 2424 Hist.
1944 2372 2161 2425 Animal.

284 2452 335 2499 11.
366 2466 383 2497 1
400 2464 444 2512 3.
484 2444 568 2497 ubi
588 2448 710 2497 inter
730 2445 886 2513 pisces
906 2442 1064 2497 laeves
1088 2446 1287 2510 congri,
1314 2441 1556 2510 anguillae
1573 2457 1621 2496 et
1650 2443 1818 2510 thynni
1838 2447 2162 2500 recensentur.

286 2523 455 2592 Atque
475 2519 574 2572 hoc
596 2518 711 2572 loco
732 2518 944 2572 confisus
966 2513 1321 2578 Koudeletim,
1360 2535 1484 2588 quae
1506 2517 1656 2585 vulgo
1680 2517 1828 2573 hodie
1854 2519 2058 2574 Pelamis
2080 2532 2163 2592 ap-

282 2595 518 2666 pellatur,
557 2589 849 2662 Aristotelis
870 2592 1139 2659 thymium,
1161 2604 1327 2662 utpote
1357 2591 1564 2662 squamis
1597 2607 1862 2656 carentem,
1885 2609 2053 2668 contra
2077 2600 2165 2668 qui

283 2671 495 2737 thynnus
518 2666 692 2736 (ilion)
708 2666 860 2720 hodie
879 2666 1026 2728 audit,
1049 2685 1290 2733 orcynum
1315 2664 1592 2735 philosophi
1615 2667 1710 2719 effe
1732 2669 1997 2722 contendit.
2050 2671 2163 2724 Pos-

283 2746 386 2798 sem
421 2743 535 2796 huic
565 2744 977 2810 argumentationi
1017 2749 1272 2810 opponere
1310 2739 1478 2793 locum
1511 2737 1776 2810 Mmglitlrei
1817 2743 1998 2796 medici
2032 2745 2161 2814 apud

287 2815 737 2886 AtllenammVHI.
755 2835 802 2887 p.
835 2834 951 2878 357.
987 2814 1071 2867 ubi
1090 2814 1296 2889 piscibus
1333 2813 1662 2883 λεπιδωτοῖς,
1708 2821 1793 2888 qui
1822 2817 1957 2872 fimul
1990 2836 2161 2886 grega-

285 2892 392 2946 tiles
416 2891 509 2944 effe
533 2890 786 2953 dicuntur,
816 2889 1003 2956 thynni,
1032 2888 1270 2951 scombri,
1306 2888 1563 2955 thynnides
1595 2903 1644 2940 et
1679 2895 1876 2958 congri,
1920 2911 2163 2945 annume-

286 2981 464 3020 rantur.
551 2966 646 3017 Sed
677 2963 977 3019 vocabulum
1020 2958 1314 3032 λεπιδωτός
1342 2961 1574 3033 peculiari
1602 2961 1682 3014 hic
1713 2963 2059 3032 significatione
2088 2967 2162 3019 di-

284 3046 436 3102 citur,
471 3053 525 3092 ut
552 3038 664 3092 alibi
691 3040 996 3093 demonstro.
1082 3040 1391 3092 Postremum
1423 3055 1554 3089 nunc
1586 3037 1840 3092 audiamus
1871 3037 2167 3110 Aristotelis.

284 3115 457 3171 iocum
477 3114 538 3168 de
558 3118 851 3183 migratione
871 3113 1174 3182 thynnorum
1195 3117 1310 3165 VIII.
1345 3130 1420 3174 13.
1461 3110 1742 3180 Cohorum,
1764 3117 1937 3187 inquit,
1958 3113 2164 3183 plurimi

1333 3190 1383 3239 H
1951 3194 2165 3247 Pontum
