2571 3775
2042 351 2146 391 201·

252 465 410 520 danda
441 465 547 521 sunt
576 483 638 519 ex
668 466 730 516 H.
751 463 815 516 A.
844 464 921 514 111.
952 478 993 513 1.
1033 453 1128 519 ὦόν
1162 458 1219 519 ἕν
1250 454 1384 537 {was
1411 454 1508 535 τήν
1543 461 1731 538 ύςέροιν
1761 464 2040 541 ἑκατέροιν.
2089 472 2151 521 Ε1

253 541 435 596 Codex
457 533 831 593 Accommboni
852 532 1105 588 manifeste
1137 533 1327 609 ύςέροιν
1354 536 1622 611 ἑκατέροιν
1650 536 1961 607 praeferebat.
2002 546 2146 594 Prae..

251 631 383 669 terea
403 612 573 667 verba:
623 608 712 687 1(ςᾴ
744 611 858 669 ‘teir’
887 609 1042 688 ἔργον
1068 608 1255 668 αὐτῶν
1277 605 1454 685 ὥσπερ
1486 613 1588 670 τῶν
1622 615 1831 685 φυτῶν,
1878 612 2010 666 idem
2041 617 2147 669 Co-

250 690 349 744 dex
371 694 437 741 ita
457 686 599 754 legit,
632 699 685 737 111
702 687 811 754 post
832 683 1007 743 αὐτῶν
1040 685 1214 737 inserat
1236 683 1301 742 τὸ
1320 687 1549 759 σπέρμα.
1590 686 1718 739 adeo
1739 700 1791 739 ut
1811 689 1883 739 vis
1907 701 1955 738 et
1974 703 2145 743 natura

250 766 442 833 generis
457 761 678 830 ,piscium
708 774 762 812 ut
779 759 1056 831 plantarum
1077 763 1127 811 in
1158 758 1354 812 seminis
1383 757 1718 813 foecunditate
1748 774 1796 812 et
1828 759 2146 817 multitudine

245 836 397 909 pofita
417 835 511 889 effe
546 835 749 887 dicatur.
813 832 986 888 Redie!
1023 828 1234 888 Plinius
1253 831 1467 886 breviter
1488 848 1537 887 et
1559 836 1763 905 peffnne
1777 840 1855 887 XI.
1882 835 2006 889 Secff.
2031 856 2146 890 110.

245 910 455 982 piscibus
478 908 880 982 serpentibusque
909 908 1030 962 nulli
1050 909 1217 970 testeS,
1253 908 1335 961 sed
1357 927 1537 961 eorum
1560 912 1671 962 vice
1701 909 1843 962 binae
1873 910 1934 962 ad
1956 916 2142 980 genita-

243 987 305 1038 lia
328 1004 353 1038 3
375 983 574 1038 renibus
601 1003 767 1038 venae.
842 985 980 1038 Idem
1003 988 1083 1036 IX.
1108 981 1230 1035 sest
1254 1001 1339 1045 77.
1395 983 1637 1050 Erythrini
1658 998 1708 1035 et
1730 984 1948 1038 channae
1973 986 2140 1041 vulvas

243 1059 427 1117 habere
472 1059 830 1112 traduntur.—-·
911 1056 1224 1130 Aquatilium
1263 1054 1428 1109 foetus
1474 1061 1601 1109 inter
1636 1060 1769 1109 initia
1814 1059 1916 1109 visu
1957 1077 2138 1114 carent.

242 1139 389 1204 Qiae
412 1134 616 1207 quidem,
634 1136 803 1187 omnia
824 1146 906 1186 aut
925 1131 1034 1186 falfi
1054 1145 1138 1186 aut
1166 1134 1331 1201 inepta
1357 1131 1492 1194 sunt,
1541 1129 1685 1186 dudla
1717 1134 1894 1189 tamen
1915 1151 1978 1187 ex
2007 1132 2140 1189 Ari-

229 1205 432 1281 stotele,
469 1222 515 1262 et
551 1212 794 1280 corrupta.

397 1322 466 1372 H.
489 1319 553 1371 A.
592 1324 673 1372 VI.
702 1336 781 1382 14.
826 1318 982 1371 Pisces
1013 1314 1276 1371 fluviatiles
1314 1329 1363 1369 et
1389 1314 1614 1371 lacustres
1637 1319 1815 1388 quinto
1837 1321 2003 1373 aetatis
2024 1320 2136 1375 suae

238 1392 406 1447 mense
432 1408 629 1446 uterum
647 1394 830 1461 gestare
852 1410 1029 1461 magna
1049 1410 1112 1444 ex
1133 1405 1266 1462 parte
1293 1394 1551 1461 incipiunt.
1627 1395 1823 1445 Pariunt
1853 1412 2031 1447 omnes
2062 1399 2136 1448 in-

238 1483 308 1521 tra
329 1485 540 1529 annum,
573 1481 626 1520 et
652 1471 721 1520 uti
751 1471 953 1529 marini,
1009 1485 1105 1520 nec
1135 1467 1301 1519 semen
1338 1471 1438 1519 'nec
1478 1483 1573 1521 ova
1607 1469 1778 1520 omnia
1809 1465 1949 1522 fimul
1990 1474 2134 1523 emit-

237 1556 380 1606 tunt,
417 1541 499 1596 sed
530 1543 720 1613 semper
752 1541 969 1614 aliquam
1001 1555 1193 1612 partem
1223 1542 1449 1594 retinent.
1544 1544 1742 1595 Pariunt
1770 1543 2131 1614 1131131601Ρο-

235 1615 401 1679 ribus,
442 1620 667 1687 cyprinus
690 1620 979 1690 quinquies,
1019 1630 1100 1669 aut
1129 1616 1310 1677 sexies,
1355 1629 1652 1687 partumque
1678 1617 1989 1688 potiffimum
2014 1617 2133 1674 facit

235 1689 323 1745 sub
351 1694 497 1745 astris.
576 1691 744 1746 Verfio
776 1688 922 1745 Scozti
951 1690 1099 1744 habet
1124 1688 1245 1761 post
1270 1686 1430 1743 decem
1456 1688 1654 1762 menfhs.
1750 1691 1848 1744 Sed
1873 1687 2129 1752 filbertus,

234 1769 321 1838 qui
349 1764 556 1820 Scotum
584 1764 697 1819 alias
725 1766 942 1837 sequitur
971 1761 1194 1835 quinque
1225 1763 1414 1816 menses
1446 1779 1685 1818 numerat.
1778 1770 2129 1837 Experimenta

235 1844 572 1896 recentiorum
591 1841 652 1894 de
668 1838 882 1912 perfe6ia
905 1841 1117 1912 piscium
1143 1851 1301 1893 aetate
1328 1851 1475 1912 atque
1509 1838 1570 1893 ad
1598 1841 1966 1912 procreandum
2000 1858 2127 1917 apta,

233 1913 365 1969 nulla
393 1914 626 1987 equidem
657 1918 788 1970 novi.

381 2024 686 2092 Deindejubi
710 2024 772 2079 de
808 2023 960 2093 glanis
989 2025 1097 2078 ovis
1130 2024 1260 2092 agit,
1307 2039 1659 2097 quaecunque,
1704 2026 1893 2098 inquit,
1940 2025 2125 2081 semine

232 2099 451 2155 masculo
475 2100 667 2171 'asperia
692 2097 873 2153 fuerint
907 2118 1027 2161 ova,
1066 2100 1223 2152 statim
1255 2099 1537 2153 candidiora
1571 2114 1806 2169 apparent
1839 2114 1892 2153 61
1919 2104 2121 2166 majora,

232 2178 375 2229 unius
403 2193 557 2245 prope
577 2175 673 2227 diei
694 2175 859 2244 spatio.
935 2175 1047 2227 Post
1069 2171 1218 2225 breve
1251 2187 1447 2243 tempus
1471 2172 1603 2227 oculi
1626 2171 1790 2228 foetus
1813 2176 2124 2246 conspiciun-

232 2264 338 2311 tur,
379 2253 531 2323 quiin
552 2252 729 2321 quovis
751 2249 962 2319 piscium
990 2265 1172 2316 genere
1204 2246 1409 2317 perinde
1443 2260 1495 2300 ut
1523 2250 1572 2300 in
1602 2252 1807 2302 caeteris
1831 2249 2120 2304 animalibus

231 2326 391 2379 statim
409 2324 693 2395 patescunt,
731 2322 1157 2393 praegrandesque
1179 2335 1423 2391 apparent.
1504 2326 1646 2391 Qiae
1669 2341 1798 2377 vero
1828 2343 1924 2378 ova
1953 2326 2120 2379 semen

232 2417 337 2452 non
362 2402 648 2467 contigerit,
685 2397 808 2451 haec
838 2396 1153 2458 sterilescunt,
1187 2409 1240 2448 ut
1263 2397 1316 2448 in
1338 2399 1535 2450 marinis
1559 2400 1709 2451 etiam
1731 2399 1925 2452 accidit.
1999 2404 2123 2455 Foe-

233 2473 407 2527 cundis
436 2476 536 2540 jam
569 2476 702 2535 oviS,
736 2470 970 2542 pisciculo
1000 2471 1327 2532 increscente,
1383 2470 1652 2525 detrahitur
1690 2473 1825 2527 velut
1854 2488 2121 2544 putamen3

233 2547 518 2602 membrana
541 2546 792 2609 videlicet,
834 2565 959 2619 quae
980 2564 1135 2599 ovum
1161 2563 1279 2597 cum
1301 2542 1439 2598 foetu
1471 2546 1767 2601 continebat.
1863 2551 1972 2603 Ova
1996 2549 2120 2604 racia

232 2641 260 2676 a
278 2623 460 2676 semine
485 2626 629 2676 maris
655 2621 933 2676 admodum
952 2620 1193 2689 glutinosa
1226 2619 1519 2684 redduntur,
1557 2636 1606 2674 et
1626 2622 1686 2674 ad
1704 2623 1890 2677 radices
1920 2639 2003 2677 aut
2035 2624 2120 2678 ubi

232 2701 530 2769 pepererint,
573 2696 852 2752 consistunt.
928 2694 1031 2748 Ubi
1056 2693 1288 2748 locorum
1310 2712 1404 2747 ova
1436 2695 1645 2764 plurima
1678 2697 1804 2750 edita
1835 2699 1969 2762 sunt,
2013 2717 2119 2753 mas

231 2772 509 2826 custodiam
533 2777 656 2841 agit,
688 2769 896 2826 faemina
918 2769 1142 2829 abeunte,
1239 2768 1597 2823 Tardiffimum
1626 2774 1986 2826 incrementum
2019 2774 2120 2842 gla-

232 2851 308 2901 nis
331 2849 398 2901 est
417 2866 480 2900 ex
504 2867 632 2908 ovo;
692 2845 1022 2920 quamobrem
1044 2863 1150 2898 mas
1180 2845 1316 2915 saepe
1346 2843 1423 2897 vel
1453 2845 1770 2917 quadraginta
1805 2862 1852 2901 et
1882 2852 2118 2921 quinqua-

234 2926 368 2989 ginta
412 2922 515 2975 dies
559 2924 727 2977 affidet
764 2925 898 2984 oviS,
932 2939 995 2974 ne
1022 2921 1049 2973 a
1079 2919 1293 2992 piscibus
1337 2920 1756 2988 praetereuntibus
1794 2922 2118 2982 absumantur.

234 2995 488 3049 Secundae
520 2997 753 3050 tarditatis
790 2998 857 3049 est
886 3000 1251 3049 incrementum
1281 2996 1488 3064 cyprini,
1553 2995 1633 3047 sed
1661 3012 1709 3049 et
1737 2995 1881 3062 hujus
1910 2996 2119 3065 foetura,

235 3088 565 3142 quaecunque
589 3072 768 3125 servata
791 3068 905 3134 fuit,
943 3069 1165 3124 celeriter
1188 3066 1387 3135 aufugit.
1471 3065 1683 3135 (Gazas
1727 3075 1928 3144 parique
1958 3074 2118 3126 modo

234 3164 330 3199 ova
374 3145 502 3200 edita
538 3165 563 3201 11
591 3164 727 3202 111316
763 3145 1050 3215 servantur).
1149 3146 1220 3199 At
1257 3146 1510 3199 minorum
1541 3146 1749 3218 piscium
1775 3143 1964 3201 foetura
1995 3167 2122 3201 non-

1292 3220 1375 3271 Cc
2017 3221 2123 3277 nul-
