2571 3775
2008 321 2109 371 24⁸1

220 450 268 491 et
288 434 571 505 Astrologia
606 431 801 489 tradidit
824 431 969 484 etiam
990 430 1177 500 seriptis
1208 427 1360 483 libris.
1389 449 1392 452 ·
1435 431 1723 499 Fragmenta
1756 433 1998 490 librorum
2022 454 2114 491 un·-

220 511 370 585 dique
404 509 607 565 colledta
637 509 795 578 posuit
821 503 985 558 lanus
1006 501 1315 573 Rutgerfius
1346 507 1396 556 in
1421 509 1576 558 Variis
1601 507 1918 564 Lediionibus
1951 512 2110 579 Lugd.

218 589 319 638 Bat.
354 592 504 641 1618.
608 586 682 632 Ex
711 578 834 633 locis
861 595 886 631 a
910 574 1090 632 Plinio
1121 577 1326 631 laudatis
1362 592 1413 630 et
1440 584 1684 650 excerptis
1718 581 1950 650 colligere
1975 584 2110 637 licuit

219 658 341 712 mihi
362 656 619 724 Nigidium
645 651 921 706 Aristotelis
948 653 1009 705 de
1030 650 1317 705 animalibus
1350 649 1500 706 libros
1524 657 1892 724 interpretatum
1924 657 2110 711 sermo-

215 751 280 784 ne
300 748 506 785 romano
527 727 704 780 multas
729 727 791 780 de
811 726 898 780 suo
921 725 1286 780 observationes
1310 727 1640 781 interseruisse.
1713 726 1924 783 Plinius
1941 734 2107 789 etiam,

216 805 300 858 ubi
319 798 625 873 Aristotelem
651 801 838 863 laudat,
875 819 978 854 non
999 801 1125 870 ipsos
1143 799 1423 870 philosophi
1442 800 1594 854 libros
1613 819 1818 869 graecos
1837 805 2105 873 inspexiss'e,

213 878 294 931 sed
315 877 505 945 Nigidii
527 878 976 947 interpretationem
1009 872 1275 928 adhibuiss'e
1304 875 1522 937 videtur,
1563 890 1616 928 ut
1647 878 1818 945 paffim
1847 881 1897 931 in
1925 877 2026 932 hoc
2050 878 2105 931 li-

212 950 342 1005 bello
373 951 624 1005 admonui.

356 1058 577 1128 Nouus,
615 1059 793 1113 Seculo
813 1064 872 1112 X.
897 1073 981 1112 aut
1001 1063 1080 1111 XI.
1101 1057 1254 1118 Aetii,
1291 1056 1424 1110 Pauli
1446 1071 1496 1110 et
1516 1056 1788 1113 Alexandri
1804 1061 1972 1132 scripta
1994 1082 2101 1117 me.

208 1135 316 1190 dica
337 1140 387 1189 in
410 1135 764 1206 compendium
794 1137 906 1202 egit.
981 1137 1061 1185 De
1081 1150 1145 1186 eo
1173 1131 1285 1184 vide
1305 1128 1510 1186 Freiud
1536 1151 1582 1203 p.
1608 1152 1724 1196 103.

355 1244 673 1309 Numenius,
712 1243 1058 1307 Heracleotes,
1090 1261 1289 1296 carmen
1307 1246 1508 1313 epicum
1530 1243 1592 1298 de
1619 1245 1882 1315 piscatione
1899 1246 2095 1318 scripfit,

207 1319 408 1375 auc‘iore
431 1316 681 1375 Athenaeo
707 1326 739 1373 Ι.
771 1338 817 1390 p.
845 1338 922 1381 13.
956 1321 1043 1390 qui
1066 1316 1218 1371 multa
1239 1337 1302 1371 ex
1330 1336 1393 1372 eo
1421 1322 1623 1372 nomina
1645 1323 1902 1389 peregrina
1936 1321 2094 1376 refert.

205 1400 455 1449 Praeterea
488 1399 638 1448 etiam
662 1412 840 1449 coenas
870 1394 952 1446 seu
974 1411 1245 1447 coenarum
1272 1406 1554 1462 apparatum
1582 1398 1801 1448 carmine
1832 1395 2093 1467 descripsit,

205 1470 390 1523 eodem
411 1468 610 1522 audiore
633 1473 664 1521 1.
693 1488 738 1540 p.
765 1487 806 1532 5.
839 1466 922 1520 ubi
943 1467 1233 1521 Dieuchidis
1264 1467 1447 1519 medici
1477 1467 1738 1537 discipulus
1768 1469 1911 1522 audit.
1988 1480 2094 1544 Θη-

200 1539 382 1620 ριακόμ
402 1545 485 1596 seu
503 1542 681 1596 librum
701 1544 763 1597 de
780 1541 1068 1596 animalibus
1089 1539 1240 1609 (forte
1260 1543 1538 1606 venenatis)
1559 1540 1757 1595 laudant
1774 1542 1964 1597 Scholia
1982 1541 2093 1600 Ni-

204 1615 390 1672 candri
419 1636 465 1688 p.
487 1635 571 1685 42.
592 1636 631 1671 a.
662 1617 933 1688 eademque
953 1616 1259 1669 Nicandrum
1281 1632 1307 1667 a
1329 1618 1583 1669 Numenio
1613 1617 1857 1689 quaedam
1886 1620 2090 1672 transtu-

202 1689 303 1743 iisse
330 1705 540 1759 arguunt
567 1710 614 1761 p.
638 1710 718 1754 17.
741 1691 789 1744 b.
901 1694 1023 1759 Quo
1054 1690 1238 1742 indicio
1266 1703 1395 1742 aetas
1423 1692 1663 1743 Numenii
1689 1692 1846 1761 poffet
1868 1694 2089 1760 agnosci,

200 1763 234 1818 fi
261 1765 383 1817 fides
404 1764 720 1819 Scholiorum
740 1768 994 1819 constaret.
1071 1763 1316 1815 Nicander
1341 1777 1568 1833 tempore
1587 1765 1741 1819 Attali
1771 1771 1895 1819 inter
1916 1767 2092 1835 Olym-

198 1839 399 1908 piadem
429 1859 445 1891 1
465 1860 484 1903 ς
503 1859 544 1898 ς.
565 1854 614 1891 et
648 1845 746 1892 160
779 1837 904 1891 fama
926 1837 1134 1908 poeseos
1164 1840 1303 1889 vivus
1327 1837 1540 1890 floruiffe
1564 1838 1754 1892 dicitur.
1829 1842 2090 1896 Dieuchen

200 1912 457 1966 medicum
488 1909 705 1967 Sclzulze
730 1917 779 1966 in
808 1914 1022 1965 Historia
1052 1911 1349 1964 Medicinae
1369 1928 1417 1980 p.
1444 1930 1562 1976 350.
1592 1913 1844 1969 Aristoteli
1877 1913 1978 1969 fere
2006 1935 2090 1971 ae-

199 1985 397 2059 qualem
421 1984 560 2048 facit3
594 1985 866 2041 Erasistrato
889 1999 937 2040 et
957 1983 1236 2054 Herophilo
1266 1980 1342 2037 Le
1362 1981 1504 2039 Clere
1522 1989 1733 2042 Histoire
1757 1988 1820 2041 de
1849 1989 1892 2042 la
1911 1991 2088 2045 Mede·-

199 2064 309 2114 cine
337 2080 382 2131 p.
412 2079 491 2126 39.
566 2065 803 2116 Numenii
825 2061 1066 2128 malagma
1097 2059 1227 2130 apud
1248 2053 1440 2129 Celsum
1463 2065 1521 2111 V.
1553 2079 1653 2133 cap.
1678 2083 1695 2114 1
1712 2075 1755 2122 8.
1781 2080 1841 2115 an
1862 2065 2083 2130 ejusdem

196 2134 276 2198 fit,
310 2140 505 2202 ignoro.

341 2249 413 2298 M.
434 2241 684 2300 Aurelius
705 2240 978 2317 Olympius
996 2240 1339 2312 Nemesianus,
1374 2244 1778 2314 Carthaginiensis
1796 2263 1960 2319 poeta,
1992 2253 2085 2304 im-

196 2333 394 2389 perante
419 2323 549 2374 Caro
571 2334 619 2372 et
638 2322 970 2379 Numeriano,
1012 2322 1136 2370 circa
1162 2336 1346 2371 annum
1371 2331 1490 2383 284.
1569 2325 1760 2374 Praeter
1789 2341 1987 2378 carmen
2022 2326 2083 2378 de

179 2395 484 2457 venatione,
504 2394 644 2465 quod
665 2393 914 2467 hodieque
935 2395 1102 2454 exstat,
1132 2392 1357 2446 condidit
1372 2392 1578 2447 alterum
1597 2395 1658 2448 de
1680 2401 1911 2467 aucupio,
1942 2403 2081 2465 cujus

193 2465 526 2535 fragmentum
553 2467 822 2531 habemus,
875 2482 926 2521 et
957 2470 1155 2519 tertium
1184 2467 1246 2518 de
1274 2467 1567 2532 Piscatione,
1622 2469 1822 2524 audiore
1854 2469 1920 2526 V
1913 2470 2083 2546 opisco

196 2541 457 2605 historico,
497 2541 635 2615 quod
659 2541 909 2612 perditum
942 2541 1034 2594 effe
1064 2538 1307 2594 dolemus.

347 2650 611 2725 Oppia-ni,
659 2650 854 2712 Cilicis,
894 2664 1096 2720 poetae,
1135 2651 1197 2704 de
1231 2652 1496 2707 Piscatione
1528 2651 1678 2707 libros
1698 2657 1755 2706 V.
1788 2658 1897 2724 post
1927 2654 2088 2713 Conr..

194 2722 589 2797 Rittershusium
622 2727 720 2797 ipse
749 2724 871 2779 olim
892 2726 1211 2792 Argentorati
1240 2733 1377 2791 1776
1410 2730 1750 2796 interpretatus
1775 2731 1894 2783 sum.
1986 2737 2082 2784 Im..

191 2815 398 2870 perante
418 2803 682 2857 Antonino
707 2797 952 2854 Caracalla
983 2812 1033 2851 et
1057 2804 1292 2871 Septimio
1314 2805 1494 2854 Severo
1519 2806 1732 2855 carmina
1762 2805 1842 2857 sua
1873 2824 2080 2876 compo-

193 2874 329 2926 suiffe
363 2875 564 2936 dicitur;
598 2893 814 2948 quorum
844 2877 1011 2926 omnis
1038 2874 1299 2929 auetoritas
1330 2894 1393 2928 ex
1421 2875 1573 2927 aliena
1605 2875 1703 2929 fide
1732 2878 1926 2946 pendet.
2001 2884 2080 2932 De

191 2947 280 3001 suo
317 2963 464 3018 poeta
503 2948 732 3003 didiionis
785 2951 982 3018 copiam
1021 2948 1410 3021 elegantiamque
1447 2949 1794 3019 suppeditavit,
1856 2966 2078 3005 naturam

191 3022 344 3090 ipsam
373 3042 629 3095 nunquam
659 3023 964 3092 adspexerat,
1019 3022 1242 3076 audiores
1271 3027 1571 3094 antiquiores
1602 3023 1820 3086 secutus,
1864 3045 2080 3098 quorum

120 3110 124 3115 ·
196 3097 389 3166 vestigia
410 3098 600 3154 curiose
626 3097 856 3170 persequi
878 3111 1089 3167 oportet.
1164 3100 1364 3153 Novam
1388 3096 1701 3152 Halieuticon
1732 3097 1975 3153 librorum
2006 3120 2081 3154 r-e-

1154 3175 1204 3224 H
1217 3171 1251 3225 h
1797 3174 2082 3231 censionem
