2571 3775
1010 321 1304 363 ·············.
2002 317 2115 377 5167

222 444 537 516 perseverans
558 457 652 496 ova
673 435 914 498 custodit,
954 450 1049 487 nec
1075 432 1206 486 aliud
1227 437 1351 501 agit,
1395 434 1483 488 nifi
1499 450 1552 490 ut
1570 437 1829 506 pisciculos
1859 455 2021 495 arceat
2051 461 2116 496 ne

218 520 411 576 foetum
433 519 681 585 diripiant,
715 513 865 582 idque
885 509 963 563 vel
987 508 1049 562 ad
1075 526 1162 571 40.
1184 522 1232 560 et
1259 526 1339 571 50.
1373 509 1475 563 dies
1503 509 1646 573 facit,
1685 514 1847 566 donec
1877 517 1983 568 satis
2014 520 2113 582 jam

215 594 355 647 aucla
381 590 575 645 soboles
605 589 652 640 se
695 590 817 638 tueri
847 583 960 654 fuga
992 585 1153 655 poffit.
1232 584 1530 651 Agnoscunt
1569 603 1688 638 eum
1718 584 1806 638 ubi
1838 590 2111 645 custodiam

216 673 344 736 agit,
396 665 686 734 piscatores3
737 660 860 712 dum
890 662 1026 712 enim
1055 672 1189 711 arcet
1228 657 1513 729 pisciculos,
1593 659 1698 712 huc
1735 659 1848 713 illuc
1887 662 2112 718 discurrit

215 738 399 810 (ἅττ-ει
431 731 563 790 recle
585 734 747 790 Codd.
776 753 869 805 pro
887 733 1089 800 vulgato
1119 728 1294 798 οἵττοι)
1322 733 1600 806 sonumque
1633 734 1747 788 edit.
1793 731 1957 812 (ἦχον
1976 748 2118 798 vota?

213 815 302 891 Ἀρι)
340 806 594 893 μυγμὸν),
677 814 850 862 Manet
877 807 1006 878 apud
1030 825 1125 861 ova
1146 821 1246 860 tam
1269 807 1471 861 ardente
1493 813 1690 871 animo,
1736 823 1789 862 ut
1820 829 1936 863 cum
1968 805 2110 882 saepe

231 885 580 958 apiscatoribus
612 902 732 947 ova,
768 882 802 938 fi
828 881 1052 954 praealtis
1076 880 1360 950 'gurgitibus
1389 882 1451 934 ad
1476 883 1668 937 radices
1696 882 1932 938 arborum
1962 886 2108 941 subfi-

210 962 363 1024 dunt,
403 961 676 1014 educantur
706 957 873 1031 quoad
909 959 1075 1025 magis
1102 957 1433 1026 fieri‘potest,
1468 960 1517 1009 in
1545 958 1757 1021 vadum,
1795 960 1894 1029 ipse
1937 959 2105 1018 tamen

208 1056 387 1090 eorum
427 1035 587 1090 studio
615 1031 809 1086 foetum
843 1033 1096 1104 sequatur,
1155 1048 1320 1101 neque
1358 1030 1579 1084 deserere
1616 1030 1837 1104 unquam
1868 1034 2104 1090 sustineat.

206 1115 351 1164 Tum
384 1109 419 1163 fi
449 1112 639 1177 juvenis
679 1109 747 1161 est
778 1110 1046 1177 minusque
1084 1104 1170 1156 usu
1205 1109 1500 1158 exercitatus
1535 1104 1678 1158 facile
1711 1106 1864 1160 hamo
1899 1113 2104 1177 capitur,

206 1188 447 1258 quoniam
473 1182 682 1237 obvium
702 1199 955 1254 quemque
974 1177 1268 1251 pisciculum
1288 1183 1437 1249 rapit,
1471 1179 1555 1232 sed
1574 1179 1608 1234 fi
1643 1184 1832 1252 peritus
1863 1197 1913 1235 et
1941 1181 2102 1241 hami.

203 1261 337 1328 fraga
359 1261 456 1321 est,
495 1258 662 1312 morsu
693 1257 853 1309 dentis
872 1257 942 1308 sui
962 1255 1200 1307 durissimi
1220 1258 1406 1323 rumpit
1425 1253 1659 1317 hamum,
1707 1274 1770 1308 ne
1801 1255 1864 1308 fic
1895 1257 2102 1328 quidem

204 1334 386 1389 sobolis
408 1351 524 1386 cura
543 1330 735 1385 omissa,
817 1333 1048 1401 Denique
1070 1333 1297 1382 VIII.'20.
1336 1326 1508 1382 Glanis
1536 1327 1622 1381 sub
1647 1345 1816 1383 ortum
1847 1331 2098 1387 caniculae

202 1410 510 1481 potiffimum
548 1405 749 1468 fiderat,
800 1405 940 1477 quod
987 1402 1205 1456 sublimis
1245 1406 1384 1474 aquis
1419 1407 1631 1466 innatat,
1676 1419 1724 1458 et
1760 1424 1785 1457 a
1832 1406 2096 1462 tonitribus

204 1487 396 1551 magnis
426 1481 744 1551 obstupescit,
786 1479 923 1553 quod
950 1482 1099 1531 etiam
1131 1481 1361 1548 cyprinO,
1396 1477 1666 1531 sedminsus
1687 1479 1878 1532 accidit.
1953 1485 2096 1535 Prae-

200 1573 331 1611 terea
353 1556 505 1625 glanis
523 1557 662 1624 saepe
683 1574 799 1607 cum
823 1558 870 1606 in
897 1553 1024 1606 vado
1056 1553 1265 1605 versatur
1289 1570 1315 1604 a
1336 1553 1558 1623 serpente
1577 1553 1793 1607 dracone
1823 1554 1923 1607 istu
1942 1558 2092 1609 inter-

202 1634 381 1684 ficitur.
468 1627 677 1683 Alcimi
698 1628 850 1683 verfio
873 1628 953 1680 hic
982 1623 1193 1699 geledys
1231 1625 1404 1689 habet,
1454 1645 1603 1698 quem
1620 1625 1818 1696 filirzmz
1852 1633 2091 1699 interpre-

196 1712 336 1760 tatur.
411 1708 547 1758 Haec
571 1707 737 1757 omnia
761 1698 1057 1772 Aristoteles
1078 1701 1139 1753 de
1159 1702 1289 1770 pisce
1310 1701 1542 1754 fluviatili.
1619 1699 1828 1756 Plinius
1850 1708 1986 1755 IX.c‚
2002 1723 2092 1768 43·

199 1784 405 1836 Cautius
429 1781 512 1850 qui
532 1778 687 1847 glanis
708 1790 933 1830 vocatur:
988 1776 1181 1828 aversos
1201 1775 1401 1828 mordet
1422 1775 1598 1828 hamos
1623 1795 1716 1829 nec
1739 1777 1968 1840 devorat,
2005 1780 2090 1832 sed

196 1857 303 1908 esca
328 1853 512 1925 spoliat.
590 1856 734 1920 Qae
758 1850 962 1922 quidem
981 1864 1146 1919 aperte
1167 1848 1389 1903 translata
1414 1851 1520 1902 sunt
1547 1849 1608 1902 ab
1638 1848 1910 1921 Aristotele
1939 1857 2003 1905 H.
2023 1856 2090 1908 A.

198 1935 283 1984 IX.
308 1928 388 1993 37.
424 1927 505 1980 sed
526 1927 587 1980 de
611 1926 777 1980 averso
800 1925 953 1979 hamo
978 1923 1115 1997 quod
1136 1924 1348 1987 additur,
1370 1921 1540 1979 Plinii
1560 1941 1905 1980 commentum
1933 1930 2013 1982 est.

265 2087 268 2092 ’
346 2075 417 2128 Ibi
431 2092 568 2128 -vero
600 2071 774 2128 Herm.
793 2068 1076 2127 Barbarus
1094 2072 1157 2126 de
1176 2072 1272 2127 alio
1295 2087 1345 2127 et
1365 2077 1556 2128 marino
1577 2074 1777 2146 quidem
1797 2077 1924 2146 pisce
1949 2075 2088 2149 loqui

199 2146 429 2204 Plinium
451 2149 732 2211 arbitratus,
761 2145 981 2203 Glam'us
1007 2162 1086 2200 aut
1115 2145 1341 2201 Glaucus
1367 2147 1671 2203 emendabat.
1731 2155 1784 2203 In
1809 2151 2086 2206 Codicibus

197 2228 362 2292 Regiis
396 2243 434 2275 ι.
460 2241 506 2275 2.
542 2222 762 2277 Colbert.
826 2242 867 2274 ι.
893 2240 937 2273 2.
958 2222 1097 2274 Paris
1129 2237 1176 2275 et
1196 2220 1298 2275 aliis
1324 2219 1559 2277 Glaucias
1582 2221 1674 2295 qm‘
1694 2221 1872 2294 glmzis
1895 2224 2085 2294 legitur.

199 2301 372 2370 Atque
409 2302 620 2351 omnino
650 2300 780 2350 varie
821 2295 944 2349 olim
975 2292 1143 2349 Plinii
1175 2294 1345 2349 locum
1384 2295 1568 2349 lectum
1597 2296 1733 2350 fuiffe
1753 2303 1912 2366 arguit
1931 2304 2084 2354 etiam

193 2372 390 2426 Auitor
423 2372 626 2440 gallicus
658 2371 721 2424 de
758 2384 927 2423 natura
959 2388 1125 2422 rerum
1154 2370 1284 2440 apud
1321 2367 1378 2425 V
1379 2368 1647 2424 immitium
1679 2377 1826 2426 XVII.
1860 2391 1962 2443 cap.
1994 2394 2082 2438 40.

199 2444 445 2509 Ccmcim,
486 2450 667 2516 inquit,
702 2449 786 2515 qui
808 2459 857 2497 et
875 2442 1029 2511 glanis
1049 2445 1242 2497 aversus
1264 2444 1461 2497 mordet
1490 2445 1666 2499 hamos
1696 2448 1958 2509 inescatos,
1990 2468 2082 2502 nec

199 2540 288 2576 cos
307 2522 511 2574 devorat
533 2520 614 2573 sed
634 2519 818 2589 spoliat.
880 2517 962 2569 ubi
999 2515 1058 2572 V
1058 2516 1304 2571 iezcewtz'us
1326 2519 1500 2571 addit:
1551 2522 1837 2574 Secundum
1868 2522 2083 2576 Plinium

195 2615 281 2667 per
312 2614 357 2664 g.
387 2594 480 2648 etl.
521 2597 571 2646 in
617 2597 770 2664 prima
813 2589 985 2658 syllaba
1047 2591 1266 2645 scribitur
1309 2593 1461 2664 idque
1506 2593 1682 2648 melius
1737 2611 1792 2648 ut
1846 2596 2080 2665 glaucius.

196 2667 447 2724 Albert-us
480 2682 644 2720 tamen
667 2671 817 2720 etiam
838 2671 1014 2718 XXIV.
1035 2685 1081 2736 p.
1105 2685 1224 2730 24¹·
1247 2664 1291 2718 b.
1378 2666 1642 2732 Claucius,
1685 2673 1869 2743 inquit,
1913 2676 1999 2743 qui
2030 2687 2082 2725 et

191 2745 352 2812 —glatus
367 2758 587 2804 vocatur,
607 2742 748 2812 piscis
772 2743 839 2794 est
860 2742 1056 2801 astumS‚
1083 2744 1166 2812 qui
1188 2759 1290 2793 non
1310 2739 1515 2794 hamum
1536 2744 1748 2811 glutiens
1759 2745 1929 2799 averfis
1943 2766 2080 2800 mor-

193 2818 321 2872 fibus
360 2817 593 2887 despoliat
613 2835 744 2869 eum.
823 2811 1031 2870 Plinius
1055 2819 1254 2867 XXXII.
1274 2833 1374 2884 cap.
1405 2836 1421 2866 1
1446 2835 1483 2867 r.
1514 2833 1680 2887 aperte
1707 2823 1832 2872 inter
1858 2825 2077 2874 marinos

193 2894 345 2964 pisces
365 2891 528 2959 glanin
553 2895 800 2950 nominat3
848 2888 976 2957 glani
1010 2891 1147 2954 jecur
1177 2903 1423 2942 memorat
1445 2889 1630 2944 ibidem
1663 2912 1765 2962 cap.
1798 2913 1872 2945 ιο.
1949 2900 2078 2948 Inter

192 2971 410 3020 marinos
454 2966 606 3035 pisces
638 2965 745 3018 sunt
790 2968 937 3016 etiam
1010 2958 1174 3033 λάμες
1209 2962 1283 3016 νε]
1313 2958 1556 3044 γλάνεις,
1600 2963 1851 3020 Marcello
1885 2970 2076 3022 Sidetae

189 3042 330 3094 versu
363 3061 375 3091 ι
398 3061 437 3092 1.
513 3039 696 3092 Siluros
720 3053 889 3092 contra
909 3035 958 3091 P
981 3035 1115 3090 iuius
1139 3042 1202 3090 VI
1237 3055 1338 3107 cap.
1365 3056 1446 3102 32.
1476 3042 1525 3090 in
1560 3039 1784 3093 amnibus
1810 3043 2072 3097 insularum

182 3114 543 3173 fortunatarum
581 3117 717 3184 gigni
754 3116 843 3178 ait5
903 3116 954 3168 in
995 3110 1106 3165 lacu
1138 3110 1302 3166 Nilide
1329 3113 1485 3183 pisces
1514 3111 1751 3178 alabeta82
1789 3124 2066 3182 coracinos,

2014 3208 2063 3246 et
