2571 3775
1155 340 1447 376 ²-
2151 348 2254 401 335

321 461 487 508 exhibet
517 461 724 520 majorem
758 470 925 511 natura,
955 453 1071 503 basin
1099 456 1297 503 latiorem
1329 457 1456 503 habet
1483 459 1803 507 incumbentem
1837 463 2051 521 junciurae
2072 462 2258 510 laminae

320 527 530 577 inferioris
550 530 747 590 geminae
768 527 997 589 peclinatae
1020 543 1058 572 a.
1078 526 1166 589 Fig.
1187 537 1228 581 7.
1295 524 1453 571 Dentes
1483 528 1608 588 igitur
1626 529 1842 590 pectinum
1864 533 1909 575 in
1931 527 2037 576 facie
2058 528 2257 579 inferiore

325 596 530 645 denudata
552 595 651 641 scuti
678 592 784 640 nulli
807 606 1027 658 apparent,
1058 606 1201 656 utpote
1221 608 1244 636 a
1265 591 1519 639 laminarum
1544 592 1673 641 altero
1694 612 1848 658 genere
1869 598 2036 645 obtecti.

456 659 561 726 Fig.'
578 678 620 718 9.
665 664 902 708 Loricariae
932 663 1216 724 cataphractae
1241 675 1365 723 caput
1392 664 1663 726 corporisque
1691 661 1959 727 segmentum
1991 664 2041 710 ad
2071 683 2197 712 anum
2218 684 2253 712 a.

319 731 445 796 usque
461 731 627 777 exhibet
648 727 940 792 conspicienda
958 732 1000 774 in
1021 726 1241 792 superficie
1263 725 1486 783 inferiore,
1518 729 1809 793 magnitudine
1831 731 2033 781 naturali..
2059 736 2108 779 In
2128 750 2256 797 angu-

317 801 367 848 lis
383 799 595 846 labiorum
616 797 810 843 fimbriae
830 796 969 844 nullae
990 795 1183 854 aderant3
1212 798 1314 843 labii
1343 795 1554 843 inferioris
1573 799 1823 844 membrana
1846 799 1977 864 longe
1996 799 2146 864 plicata
2167 804 2257 864 qui·

315 867 418 914 dem
440 863 510 913 sed
529 871 574 912 in
595 865 718 912 lobos
740 879 809 912 aut
827 865 1013 912 fimbrias
1034 863 1163 913 divisa
1183 883 1274 912 non
1299 879 1408 920 erat.,
1440 882 1531 912 non
1560 870 1694 930 magis
1729 885 1858 930 quam
1884 867 2044 915 labium
2070 866 2254 933 superius

315 937 450 982 breve.
521 937 572 980 In
594 937 789 998 margine
810 933 1008 980 maxillae
1030 931 1240 980 inferioris
1270 931 1391 980 series
1423 932 1562 980 aderat
1581 932 1893 982 denticulorum
1917 936 2130 993 brevium,
2163 953 2261 983 cors

314 1020 498 1050 neorum
528 1001 614 1048 fine
644 1000 850 1066 globoso,
899 1005 969 1066 qui
997 1005 1066 1049 vix
1096 1015 1285 1067 quartam
1318 1014 1481 1064 partem
1511 1001 1788 1066 longitudinis
1817 1002 2127 1051 denticulorum
2166 1004 2254 1052 Ple-

314 1072 498 1118 costomi
516 1072 766 1136 aequabant3
799 1074 844 1118 in
864 1069 1040 1117 maxilla
1059 1067 1275 1135 superiore
1298 1068 1440 1116 dentes
1472 1071 1544 1116 hic
1564 1073 1699 1135 magis
1721 1070 1952 1119 introrsum
1973 1075 2136 1120 retradli
2156 1090 2256 1120 con-

313 1138 604 1205 spiciebantur.
1022 1137 1026 1140 ’

309 1242 311 1244 .
448 1206 708 1254 Membrana
725 1204 1040 1269 branchiostega
1058 1204 1098 1251 b.
1121 1216 1298 1268 quatuor
1326 1201 1448 1249 radiis
1474 1205 1662 1253 brevibus
1692 1204 1762 1252 sed
1781 1206 1871 1254 latis
1894 1206 2165 1263 firmabatur,
2187 1225 2253 1255 ex-

306 1280 420 1324 timo
440 1273 653 1322 latissimo.
721 1274 959 1321 Numerare
975 1275 1054 1319 hos
1076 1270 1212 1319 radios
1234 1290 1324 1318 non
1345 1285 1434 1318 tam
1454 1270 1629 1320 difficile
1651 1274 1707 1322 est
1727 1293 1853 1339 qnam
1866 1277 2119 1322 Gronovius
2135 1288 2250 1339 puta-

308 1345 392 1400 bat,
432 1346 502 1408 qui
525 1341 660 1389 radios
684 1355 824 1388 ternos
843 1345 1035 1406 utrinque
1057 1341 1326 1395 numerabat,
1358 1358 1456 1386 cum
1476 1342 1691 1389 Linnaem
1715 1341 1834 1391 senos
1856 1345 2010 1409 ubique
2031 1341 2244 1409 posuiffet.

306 1414 531 1461 Branchias
552 1409 794 1475 conspicere
812 1410 937 1474 plane
956 1427 1046 1455 non
1065 1410 1162 1456 licet
1194 1413 1300 1455 intus
1321 1408 1501 1454 latentes.

444 1482 531 1543 Fig.
551 1496 613 1525 10.
649 1483 851 1525 Ventrem
873 1490 1061 1543 apertum
1081 1476 1285 1524 monstrat
1305 1495 1401 1523 cum
1425 1477 1624 1523 intestinis
1647 1475 1917 1525 cochlearum
1942 1479 2067 1526 instar
2088 1496 2247 1527 convo-

307 1548 415 1595 lutis,
484 1551 602 1605 Juxta
629 1548 790 1593 red'rum
824 1564 1002 1610 corpora
1030 1544 1117 1592 duo
1146 1549 1258 1592 varie
1277 1544 1382 1591 flexa
1403 1543 1453 1590 ad
1473 1562 1605 1591 anum
1627 1543 1919 1601 decurrebant,
1950 1564 2054 1612 quae
2075 1545 2245 1611 genera-

306 1620 412 1679 tioni
442 1613 592 1662 servire
622 1627 735 1678 puto.
805 1614 1070 1661 Ventriculus
1090 1613 1290 1661 intestinis
1322 1611 1713 1676 superincumbebat
1741 1619 1999 1672 incurvatu83
2037 1615 2243 1680 pyiorum

305 1683 498 1730 crassities
530 1683 876 1729 membranarum
895 1681 1183 1746 distinguebat.
1257 1682 1406 1745 Hepar
1427 1698 1507 1744 pro
1529 1685 1688 1728 ratione
1711 1686 1902 1746 corporis
1935 1702 2113 1746 parvum
2136 1684 2243 1731 bilo·

303 1753 429 1809 bum3
456 1768 572 1797 renes
595 1764 634 1797 et
659 1750 840 1799 vesicam
869 1767 1031 1796 aeream
1061 1753 1244 1813 reperire
1273 1766 1362 1796 non
1380 1751 1515 1813 potui.
1589 1747 1837 1797 Gronovius
1854 1751 2068 1816 triplicem
2089 1753 2240 1800 intesti-

304 1838 461 1869 norum
496 1821 921 1867 circumvolutionem
952 1821 1177 1865 annotavit.

439 1888 630 1934 Tabulae
653 1890 704 1934 ΙΙ.
741 1890 830 1951 Fig.
854 1903 905 1932 11.
938 1889 1087 1932 Pinnas
1116 1884 1317 1932 ventrales
1337 1885 1505 1931 exhibet
1527 1901 1626 1931 cum
1647 1883 1822 1939 offibu8,
1859 1886 2007 1948 quibus
2027 1886 2238 1951 appositae

301 1956 533 2002 firmantur.
605 1952 704 2002 Offa
726 1957 830 2002 haec
846 1952 921 2001 sub
940 1948 1308 2018 scutorumllorica
1329 1950 1466 1999 abdita
1487 1953 1638 2007 latent,
1674 1966 1713 1999 et
1734 1950 2029 2000 musculorum
2051 1973 2132 2020 ope
2152 1953 2240 2002 scu-

299 2039 348 2070 tis
386 2042 438 2068 un
476 2036 608 2070 untur.

370 2041 380 2085 J
436 2041 470 2138 ἕ
473 2095 524 2155 ig.
550 2108 605 2137 12.
633 2093 841 2137 Cranium
864 2088 952 2137 fere
980 2088 1103 2137 ovale
1131 2085 1252 2135 scutis
1272 2091 1317 2134 in
1337 2091 1543 2135 anteriore
1562 2101 1677 2154 parte
1700 2089 1935 2137 minoribus
1955 2093 2239 2155 componitur.

298 2159 504 2210 Maxillae
534 2156 756 2223 superioris
787 2172 826 2205 et
858 2158 956 2205 labii
986 2161 1125 2206 vicem
1155 2170 1307 2222 gerunt
1338 2156 1509 2204 officula
1541 2156 1626 2204 duo
1651 2157 1689 2204 b.
1708 2157 1746 2206 b.
1778 2158 1922 2222 quibus
1945 2157 2237 2223 superinducta

299 2228 550 2275 membrana
571 2227 701 2291 longa
721 2227 873 2291 plicata
896 2225 1113 2281 adhaeret,
1143 2244 1224 2290 qua
1244 2242 1289 2272 os
1311 2228 1504 2290 cingitur.
1569 2225 1750 2273 Ossicula
1770 2228 1872 2272 haec
1896 2226 2036 2274 media
2065 2230 2236 2274 minutis

305 2295 465 2342 duobus
485 2294 665 2342 officulis
688 2314 720 2342 e.
749 2299 1082 2360 conjunguntur&
1112 2311 1216 2359 quae
1235 2297 1349 2340 coire
1370 2297 1552 2341 invicem
1576 2307 1614 2340 et
1635 2292 1788 2359 sejungi
1815 2294 2005 2359 poffunt,
2040 2309 2160 2359 atquc
2178 2300 2234 2342 ita

298 2369 506 2424 majorem
529 2362 800 2410 officulorum
831 2381 1093 2428 magnorum
1125 2360 1468 2410 divaricationem
1492 2360 1698 2423 adjuvant.
1767 2366 1947 2410 Minutis
1969 2365 2031 2409 his
2050 2362 2232 2410 ossiculis

295 2430 482 2496 suspicor
499 2429 684 2478 insedere
704 2430 935 2479 denticulos
958 2430 1184 2495 superiores
1197 2446 1211 2491 3
1246 2448 1392 2479 verum
1411 2428 1635 2478 asseverare
1656 2429 1814 2496 aliquid
1834 2450 1924 2479 non
1946 2431 2102 2490 aude03
2126 2436 2237 2479 inter

292 2498 564 2566 purgandum
587 2503 705 2546 enim
723 2503 892 2546 animus
913 2499 1014 2546 hu'ic
1035 2503 1091 2545 rei
1117 2516 1207 2546 non
1227 2512 1311 2545 erat
1333 2502 1525 2546 intentus.

432 2570 554 2614 Fines
573 2566 726 2615 offium
746 2569 784 2614 b.
807 2569 843 2615 b.
862 2566 1083 2615 inferiores
1113 2568 1300 2631 bicipites
1329 2566 1549 2614 articulum
1572 2565 1733 2614 faciunt
1763 2585 1862 2614 cum
1883 2567 2054 2615 laminis
2077 2565 2232 2616 duabus

296 2634 336 2682 d.
355 2634 396 2682 d.
417 2640 582 2702 quaein
615 2640 786 2683 cavitate
817 2635 920 2683 scuti
952 2632 1138 2700 depressa
1160 2639 1317 2697 jacent,
1345 2633 1562 2700 separatim
1593 2639 1704 2697 pieta
1735 2639 1826 2699 Fig.
1851 2653 1903 2693 13.
1938 2639 2058 2682 Haec
2077 2639 2231 2683 iterum

296 2722 397 2751 cum
428 2708 557 2751 cranii
591 2703 744 2751 ossibus
773 2704 994 2751 articulum
1012 2701 1194 2755 faciunt,
1224 2708 1281 2750 ira
1307 2717 1378 2758 ut,
1411 2703 1513 2750 dum
1541 2702 1627 2750 ossa
1648 2705 1687 2750 b.
1710 2704 1748 2749 b.
1768 2702 1965 2751 deorsum
1990 2707 2161 2751 retrac‘ia
2186 2709 2233 2751 in

294 2771 399 2818 latus
422 2785 646 2837 utrumque
675 2775 973 2819 membranam
994 2776 1078 2819 oris
1108 2771 1339 2838 plicatilem
1360 2770 1575 2827 sustinent,
1613 2773 1709 2818 illae
1731 2773 1914 2818 laminae
1936 2771 1974 2819 d.
1997 2771 2034 2819 d.
2056 2776 2228 2835 propius

294 2839 370 2886 fibi
395 2843 582 2887 invicem
606 2840 801 2888 accedant
831 2839 1073 2888 introrsum.
1145 2841 1264 2886 Labii
1295 2837 1504 2887 inferioris
1526 2854 1564 2886 et
1592 2840 1789 2887 maxillae
1810 2845 1945 2887 vicem
1969 2855 2116 2904 gerunt
2136 2839 2229 2887 offi-

295 2908 389 2954 cula
411 2925 443 2954 a.
465 2925 499 2955 a.
519 2926 618 2954 cum
641 2915 833 2974 margine
856 2908 956 2957 scuti
990 2907 1172 2973 capitalis
1201 2907 1435 2963 articulata,
1466 2926 1569 2973 quae
1599 2908 1791 2956 fimiliter
1817 2910 2111 2955 membranam
2142 2912 2228 2954 oris

291 2975 521 3038 plicatilem
542 2974 870 3040 superintensam
890 2976 1102 3029 sustinent.
1171 2979 1231 3045 In>
1244 2975 1390 3026 medio
1410 2981 1619 3044 utriusque
1630 2975 1771 3045 subtus
1792 2976 2015 3029 officulum
2035 2973 2226 3026 minutis-

287 3041 452 3093 fimum
470 3042 676 3109 adhaeret.

2043 3186 2132 3248 Fig.
2156 3198 2217 3243 14.
