2571 3775
406 337 470 393 58
1201 331 1496 354 ““““““““““

403 460 618 514 Pontum
637 470 740 508 non
761 452 956 514 intrant,
988 447 1069 503 sed
1089 451 1139 502 in
1158 446 1464 518 Propontide
1482 446 1711 500 aestatem
1730 441 1998 515 transigunt
2018 461 2067 501 et
2087 450 2302 518 pariunt,

406 529 603 598 Aegiali
621 547 743 582 vero
763 526 1052 586 hibernant3
1085 524 1255 592 thynni
1276 541 1423 585 vero,
1467 520 1738 593 pelamides
1766 534 1814 573 et
1838 525 1996 574 ainiae
2023 541 2137 576 vere
2169 529 2299 577 Pon-

408 621 518 660 tum
550 608 751 664 intrant,
790 603 1119 671 aestatemque
1147 597 1214 651 ibi
1242 601 1539 665 transigunt,
1588 609 1642 648 ut
1668 593 1773 649 fere
1798 594 1995 666 plurimi
2016 596 2212 650 ‚susanei
2247 610 2295 650 et

411 676 671 749 gregatiles
696 676 862 746 pisces.
937 678 1156 727 Maxima
1177 690 1285 741 pars
1307 672 1514 741 piscium
1535 675 1589 724 in·¹
1607 687 1758 739 grege
1778 674 1920 734 vivit,
1955 675 2087 744 iique
2114 673 2297 726 ducem

413 754 633 826 aliquem
682 753 964 822 sequuntur.
1075 750 1210 802 Cum
1248 750 1530 815 pepererint
1577 760 1627 806 et
1668 743 1833 814 proles
1871 746 1971 812 jam
2009 746 2298 808 adoleverit,

414 833 598 884 e'xeunt
630 826 738 895 post
763 822 1010 891 vergilias;
1047 820 1081 874 fi
1109 822 1266 874 hiems
1295 817 1437 873 fuerit
1464 822 1696 881 austrina,
1745 819 1929 873 tardius
1961 836 2169 880 exeunt3
2227 819 2296 873 fin

413 902 687 974 aquilonia,
735 902 906 960 citius,
956 909 1163 965 propter
1183 898 1339 948 flatus
1379 894 1579 947 secundi
1613 894 2040 947 commoditatem.
2117 900 2300 950 Foetus

412 992 521 1031 tum
542 993 717 1045 parvus
738 972 871 1042 apud
892 974 1179 1039 Byzantium
1213 972 1425 1038 capitur,
1469 984 1633 1041 neque
1665 973 1800 1022 enim
1833 969 2141 1023 adolescendi
2170 984 2297 1022 tem-

413 1069 507 1124 pus
527 1055 574 1102 in
595 1054 756 1102 Ponto
772 1046 872 1099 fuit.
896 1076 962 1086 —
1039 1044 1243 1111 Thynni
1270 1043 1578 1096 dextrorsum
1600 1041 1715 1096 litus
1735 1042 1951 1112 legentes
1978 1048 2156 1096 intrant
2167 1049 2298 1096 Pon-

414 1141 550 1187 tum,
595 1123 674 1177 sed
696 1134 916 1175 remeant
942 1135 1129 1174 contra.
1204 1117 1360 1186 Qiod
1389 1131 1656 1188 propterea
1683 1115 1844 1172 facere
1875 1118 2133 1180 dicuntur,
2181 1121 2295 1190 quia

415 1200 595 1253 dextro
625 1195 775 1252 oculo
807 1195 979 1248 clarius
1008 1194 1229 1257 videant,
1267 1210 1419 1264 quam
1450 1191 1661 1256 finistro,
1690 1191 1773 1245 etfi
1800 1196 1851 1244 in
1887 1193 2164 1246 universum
2195 1192 2296 1245 visu

415 1273 613 1327 debiles,
673 1271 888 1324 Interdiu
904 1268 1082 1322 ihsanei
1102 1269 1252 1338 pisces
1277 1282 1470 1329 meant,
1506 1265 1653 1320 nodie
1677 1267 1934 1339 quiescunt
1953 1281 2000 1320 et
2021 1267 2301 1338 pascuntur,

415 1347 500 1402 nifi
520 1348 632 1400 luna
654 1346 889 1406 luicente3
923 1359 1031 1397 tum
1052 1347 1185 1397 enim
1203 1346 1292 1394 iter
1310 1346 1614 1394 continuant.
1692 1342 1913 1410 Qiidam
1935 1342 2019 1394 usu
2041 1345 2182 1413 periti
2208 1359 2300 1395 eos

417 1424 524 1495 post
546 1422 774 1474 brumam
798 1421 1042 1491 quiescere
1076 1436 1167 1470 nec
1189 1419 1400 1470 omnino
1430 1419 1622 1469 moveri
1657 1416 1888 1479 afferunt,
1930 1431 1978 1470 et
2010 1416 2301 1487 ubicunque

417 1497 713 1551 substitcrint-
726 1495 788 1547 ad
804 1491 1172 1566 aequinoctium
1197 1509 1405 1544 vernum
1429 1489 1687 1560 tranfigere
1710 1491 1944 1544 hiemem.
2031 1489 2163 1545 Colii
2191 1492 2303 1561 qui-

419 1571 535 1624 dem
574 1569 936 1623 dumsubeunt
973 1573 1213 1629 Pontum,
1269 1569 1557 1635 capiuntur3
1621 1579 1858 1620 exeuntes
1909 1579 2076 1619 autem
2120 1569 2299 1618 minus.

417 1648 614 1716 Optimi
634 1649 685 1697 in
703 1642 1001 1715 Propontide
1022 1642 1143 1704 sunt,
1182 1655 1446 1713 antequam
1471 1640 1669 1711 pariant.
1747 1641 1818 1693 At
1843 1644 1995 1694 ceteri
2013 1638 2196 1694 susanei
2216 1640 2303 1693 seu

421 1724 527 1776 fluti
547 1733 784 1773 exeuntes
803 1724 967 1772 Ponto
983 1721 1140 1786 magis
1160 1719 1418 1785 capiuntur
1437 1730 1484 1767 et
1502 1719 1677 1785 optimi
1701 1728 1823 1767 tunc
1840 1714 2094 1769 habentur.
2162 1717 2299 1768 Cum

419 1813 546 1849 vero
560 1794 894 1863 ingrediuntur
928 1797 1168 1853 Pontum,
1212 1807 1366 1860 prope
1394 1788 1658 1857 Aegialum
1689 1790 1986 1858 pinguiffimi
2015 1792 2299 1858 capiuntur3

423 1888 528 1942 quo
551 1873 706 1936 magis
725 1867 1052 1930 ascenderint,
1089 1884 1155 1919 eo
1175 1866 1300 1916 fiunt
1319 1867 1600 1917 macriores.
1677 1867 1832 1934 Saepe
1864 1868 2011 1917 etiam
2033 1877 2184 1917 vento
2213 1881 2299 1915 au·-

420 1946 569 1998 strino
585 1943 920 1996 vehementius
942 1940 1227 1995 occursante·
1247 1939 1302 1990 fit
1323 1952 1377 1990 ut
1401 1957 1517 1990 cum
1548 1937 1689 1991 coliis
1716 1952 1766 1991 et
1793 1936 2032 1991 scombris
2063 1937 2298 2009 (quidam

412 2016 515 2085 iegi
537 2015 732 2071 volebat
760 2034 868 2070 cnm
890 2012 1032 2069 coliis
1063 2011 1213 2068 etiam
1231 2009 1486 2084 scombri)
1518 2013 1743 2075 redeant,
1788 2026 1936 2084 atque
1965 2010 2084 2064 infra
2113 2018 2300 2079 Byzan-

418 2096 542 2144 tium
566 2095 827 2160 capiantur.
901 2093 1032 2141 Huic
1052 2088 1171 2142 loco
1194 2086 1394 2156 paulum
1417 2085 1747 2148 immorabor3
1786 2091 2004 2157 primum
2038 2101 2204 2139 autem
2228 2085 2299 2139 le-

420 2165 636 2219 iflionem
653 2165 990 2234 expediamus.
1066 2164 1175 2215 Post
1197 2159 1389 2228 Aegiali
1413 2165 1720 2214 mentionem
1741 2166 1952 2230 primam
1972 2161 2123 2229 vulgo
2135 2155 2303 2229 θάνες

420 2239 612 2308 legitur,
648 2245 697 2292 in
732 2240 922 2293 Codice
944 2237 1176 2291 Mediceo
1210 2249 1258 2287 et
1284 2249 1447 2288 vetere
1483 2234 1702 2288 verfione
1742 2234 1971 2303 leguntur
2011 2234 2297 2302 thynnide83

423 2313 579 2368 Gaza
599 2314 809 2380 thynnos
830 2311 1064 2381 appellat,
1102 2327 1277 2364 verum
1313 2308 1462 2378 paulo
1497 2311 1604 2376 post
1635 2308 1718 2360 ubi
1749 2309 1899 2362 iidem
1931 2309 2086 2378 pisces
2115 2314 2296 2362 iterum

423 2392 765 2449 nominantur,
799 2386 908 2438 libri
932 2403 1108 2439 omnes
1132 2387 1180 2436 in
1208 2383 1404 2449 thynnis
1426 2383 1748 2435 consentiunt.
1838 2388 1933 2437 Pro
1952 2383 2165 2453 Aegialo
2188 2382 2295 2436 libri

425 2461 604 2531 vulgati
626 2463 888 2530 Aegaeum
912 2459 1089 2512 habent
1109 2475 1269 2518 mare,
1308 2457 1614 2525 ineptiffime.
1700 2461 1867 2512 Priore
1891 2463 1941 2512 in
1962 2459 2080 2513 loco
2097 2458 2182 2512 ubi
2205 2478 2301 2512 no-

425 2541 671 2590 minantur
695 2535 866 2597 colia'e,
896 2533 1018 2587 liber
1038 2529 1445 2586 Mediceussolus
1470 2530 1734 2599 Aegialum
1766 2538 2013 2594 nominat3
2052 2548 2201 2606 atque
2235 2538 2299 2586 ita

425 2610 547 2665 olim
568 2610 749 2684 legerat
768 2606 1013 2663 Aelianus
1033 2613 1092 2660 X.
1116 2615 1163 2659 6.
1207 2609 1290 2678 qui
1321 2604 1473 2658 colias
1502 2604 1679 2674 (vulgo
1704 2604 1917 2660 coclzlias
1950 2611 2075 2668 erat)
2097 2612 2144 2660 in
2180 2613 2302 2660 Pro-

423 2685 626 2757 pontide
645 2686 893 2745 aestatem,
911 2682 970 2734 ad
992 2681 1258 2750 Aegialum
1278 2694 1443 2732 autem
1459 2680 1677 2732 hiemem
1696 2685 1962 2749 transigere
1977 2700 2039 2734 ex
2061 2681 2160 2735 hoc
2182 2681 2302 2735 loco

423 2758 580 2812 refert.
656 2758 834 2811 Altero
854 2757 972 2811 loco
999 2756 1177 2824 vulgati
1209 2753 1317 2806 libri
1348 2772 1523 2807 omnes
1557 2754 1818 2822 Aegialum
1850 2760 2107 2809 nominant
2138 2754 2300 2818 redie3

422 2834 506 2888 sed
529 2832 700 2887 Gallus
721 2830 905 2887 Camus
925 2830 1264 2884 aucloritatem
1285 2829 1527 2891 Medicei,
1565 2828 1794 2883 versionis
1822 2826 2002 2894 Scordo·
2039 2832 2298 2898 Anonymi

421 2923 470 2960 et
500 2906 681 2962 Gazae
712 2908 844 2979 sequi
866 2921 914 2959 et
936 2910 982 2958 in
1009 2905 1133 2958 clara
1150 2904 1261 2956 luce
1285 2907 1525 2955 caecutire
1545 2902 1725 2956 maluit.
1824 2906 2137 2975 Inspiciamus
2163 2923 2299 2958 nunc

419 2978 586 3036 Plinii
606 2985 1066 3052 interpretationem.
1141 2984 1183 3032 Is
1205 2977 1329 3030 libro
1350 2982 1430 3028 IX.
1448 2995 1554 3046 cap.
1590 2997 1662 3041 ‘5-
1764 2979 1912 3031 A'mia
1945 2998 2062 3032 cum
2102 2980 2301 3047 thynnis

420 3061 469 3107 et
500 3055 763 3123 pelamides
783 3061 832 3108 in
857 3061 1071 3109 Pontum
1091 3054 1151 3106 ad
1173 3052 1391 3105 dulciora
1412 3051 1584 3121 pabula
1607 3056 1785 3106 intrant
1806 3058 2045 3122 gregatim
2064 3073 2180 3106 cum
2201 3055 2298 3106 suis

419 3146 648 3202 quaeque
705 3129 915 3190 ducibus
945 3128 1229 3196 —uthynni
1278 3126 1446 3180 dextr-a
1495 3130 1596 3198 ripa
1650 3130 1856 3190 intr-ant,
1914 3143 2098 3186 exeunt
2147 3127 2296 3181 laeva.

2242 3200 2295 3254 Id
