2571 3775
1021 329 1312 354 ········—··
2008 328 2120 373 ‘113'

236 457 384 525 gratia
418 456 629 509 maxima
650 453 718 505 est'
741 464 789 503 et
808 449 948 518 copia
974 445 1166 508 mullis,
1213 445 1342 500 ficut·
1366 445 1658 516 magnitudo
1690 449 1911 512 modica3
1951 449 2113 504 binas*-

235 550 333 602 que
357 529 497 582 libras
520 527 751 598 ponderis
772 540 880 576 raro
903 521 1178 574 admodum
1200 525 1512 591 exsuperant,
1550 540 1643 575 nee
1677 527 1726 574 in
1757 528 1943 575 vivariis
1971 526 2113 593 pisci-

233 610 408 676 nisque
438 603 668 654 crescunt.
744 594 1142 667 Septentrionalis
1178 608 1372 648 tantum-
1395 596 1497 650 hos
1520 611 1568 650 et
1588 600 1813 666 proxima
1835 598 2111 651 occidentis

234 693 368 750 parte
391 679 548 743 gignit
567 690 797 726 oceanus.
893 674 1083 724 Cetero
1111 687 1294 722 eorum·
1308 689 1486 738 genera
1513 669 1663 741 plura.
1761 674 1891 723 Nam
1931 685 1978 722 et
2005 671 2111 737 alga

232 752 489 805 vescuntur
522 761 570 800 et
588 749 758 801 ostreis
778 759 827 798 et
845 744 969 797 limo
990 758 1038 797 et
1064 742 1279 797 aliorum
1299 746 1506 815 piscium
1527 763 1693 798 carne:
1740 743 1894 798 barba
1914 748 2112 813 gemina

231 823 548 891 insigniuntur
572 818 800 874 inferiore
821 818 976 873 labro..
1045 822 1303 872 Lutarium
1327 824 1465 873 exiis
1485 819 1695 873 viliffimi
1717 823 1916 887 generis
1943 817 2111 889 appel-

228 897 339 950 lant.
426 901 576 949 Hune
603 897 793 966 semper
820 897 1083 948 comitatur
1109 893 1270 961 sargus
1291 898 1497 948 nomine
1520 893 1640 947 alius
1662 895 1797 964 piscis
1819 908 1868 947 et
1890 912 2110 947 coenum

225 970 447 1027 fodiente
485 990 572 1032 eos,
612 975 878 1023 excita-tum
908 968 1112 1021 devorat
1146 966 1394 1038 pabulum:
1486 972 1593 1020 Nec
1626 967 1923 1021 littoralibus·
1944 970 2108 1036 gratia.

221 1038 556 1105 ,Laudatiffimi
580 1043 833 1110 conchylia
855 1044 1054 1112 [apiunt.
1137 1045 1336 1094 Pariunt
1362 1056 1435 1094 ter
1459 1060 1605 1096 anno.
1679 1045 1770 1095 His
1798 1056 1929 1094 certe
1964 1046 2108 1095 toties

225 1118 419 1174 foetura*
441 1133 650 1189 apparet.
727 1117 943 1170 Mullum
976 1117 1303 1186 exspirantem
1330 1114 1614 1170 verficolori
1633 1116 1843 1187 quadam
1865 1130 1913 1168 et
1934 1133 2112 1168 nume·-

225 1195 329 1247 rosa
349 1197 578 1246 varietate
602 1192 802 1264 speetari
828 1209 1059 1262 proceres
1082 1188 1224 1258 gulae
1242 1192 1464 1252 narrarity>
1494 1189 1776 1243 rubentium
1800 1192 2125 1261 squamarum'

224 1267 484 1338 multiplici
506 1272 776 1321 mutatione
798 1265 1167 1336 pallescentem,
1206 1268 1376 1336 utique
1399 1264 1433 1318 fi
1464 1269 1593 1319 vitro
1617 1264 1857 1335 speeietur
1882 1264 2108 1318 inclusus«.

225 1342 442 1396 Mullum
465 1356 632 1395 tamen*
648 1341 884 1395 trilibrem
921 1337 1182 1393 Horatius
1214 1340 1371 1405 Satyra
1394 1344 1445 1391 IL
1476 1357 1520 1391 2.
1569 1338 1917 1412 quadrilibrem
1947 1337 2106 1392 Mar-

226 1414 369 1471 tialis
389 1422 448 1469 X.
476 1421 645 1487 Epigr..
667 1436 746 1479 31.
783 1428 1048 1468 memorat..
1118 1419 1191 1466 Ex
1220 1418 1340 1466 mari
1368 1414 1543 1467 Indico
1568 1413 1737 1467 allatos
1766 1412 1948 1467 mullos
1976 1427 2107 1465 ceta-

227 1510 352 1544 ceos-
373 1491 455 1543 sed
486 1490 686 1562 reliquis
717 1487 973 1543 inferiores
1007 1489 1152 1556 gustu
1182 1503 1428 1542 memorat
1460 1486 1780 1542 Xenocrates
1809 1507 1911 1557 cap.
1942 1506 2019 1549 35.
2060 1500 2107 1540 et

222 1562 434 1620 Plinius
465 1562 677 1618 mullum
704 1568 848 1618 maris
882 1562 1020 1616 rubri:
1052 1575 1133 1621 80.
1177 1561 1407 1615 librarum
1451 1581 1477 1615 e
1506 1565 1706 1616 Licinio
1735 1567 1970 1614 Muciano
2001 1580 2107 1614 me*

222 1654 386 1692 morat
406 1639 434 1691 l.
455 1659 496 1691 e.
547 1636 840 1693 Athenaeus
867 1643 1175 1708 V11.pff32·<.
1213 1635 1297 1689 ubi
1316 1634 1606 1708 Sophronis
1633 1652 1811 1707 poetae
1842 1636 2011 1689 locum
2032 1640 2106 1688 in-

221 1728 512 1784 terpretatur
541 1714 603 1767 de
627 1713 784 1766 mullo
808 1711 1039 1772 barbatO,
1080 1710 1287 1779 infignes
1319 1710 1464 1764 barba
1493 1710 1672 1765 mullos
1698 1711 1894 1783 reliquis
1917 1711 2106 1764 suavio-

222 1807 299 1841 res
330 1789 423 1841 effe
454 1792 537 1841 ait·
641 1786 916 1840 Mullorum
944 1783 1089 1854 jubas
1128 1785 1338 1855 appellat
1373 1782 1665 1858 ffuvemzlis
1708 1789 1867 1853 Satyra
1908 1790 1984 1837 VI.
2019 1804 2106 1842 40..

222 1860 541 1918 Plutarchus
578 1862 639 1915 de
658 1861 859 1917 Solertia
878 1881 925 1932 p.
956 1878 1068 1924 505.
1108 1859 1299 1928 triglam
1326 1856 1636 1938 χρυσωπὸν,
1677 1864 1705 1912 i.
1727 1879 1768 1913 e.
1805 1879 1946 1913 aurea
1980 1857 2110 1914 facie·

224 1941 458 1990 nominat.
532 1934 716 1991 Seneca
751 1941 918 1989 Natur.
954 1937 1155 2004 Qaest.
1189 1939 1262 1986 m.
1286 1954 1326 1987 c.
1354 1954 1429 2002 17.
1452 1951 1503 1987 et,
1530 1947 1617 1994 13„
1685 1937 1886 1998 Parum,
1925 1939 2109 2006 inquit,

223 2011 415 2064 videtur
434 2029 605 2063 recens
628 2010 837 2073 mullus,
876 2009 961 2063 nifi
991 2013 1143 2082 quiin
1176 2013 1415 2062 convivae
1443 2028 1591 2062 manu
1628 2014 1848 2062 moritur.
1925 2013 2108 2062 Vitreis

221 2085 331 2138 ollis
359 2084 524 2138 inclufi
544 2087 820 2155 offeruntur
840 2099 887 2137 et
907 2083 1184 2138 observatur
1203 2088 1524 2137 morientium
1545 2083 1708 2146 color,
1731 2103 1881 2155 quem
1904 2087 1954 2136 in
1974 2084 2101 2136 mul-

219 2175 290 2214 tas
313 2164 609 2212 mutationes
633 2179 766 2213 mors
785 2157 997 2212 luciante
1023 2159 1189 2228 spiritu
1209 2161 1372 2210 vertit„
1388 2189 1453 2199 —-
1531 2156 1702 2211 Rubor
1717 2162 1965 2228 primum,
2015 2159 2108 2211 de*

220 2234 335 2287 inde
380 2233 537 2304 pallor
571 2233 871 2286 suffunditur
896 2261 966 2273 —·-
1036 2231 1357 2284 audiebamus
1409 2231 1529 2284 nihil
1569 2233 1663 2285 effe
1706 2231 1888 2286 melius·
1921 2233 2099 2288 saxatili

218 2307 378 2362 mullo
403 2339 465 2348 —-
506 2308 617 2361 vide
638 2307 901 2381 quomodo
922 2307 1148 2360 exarserit
1170 2305 1348 2369 rubor,
1387 2310 1532 2360 omni
1570 2311 1726 2361 acrior
1765 2311 1944 2360 minio:
1981 2309 2100 2362 vide

221 2402 342 2454 quas
371 2401 460 2452 per
493 2381 635 2435 latera
660 2402 806 2436 venas
835 2395 971 2450 agat3
1024 2399 1140 2434 ecee
1169 2381 1457 2449 sanguinem
1489 2396 1630 2451 putes
1660 2396 1906 2435 ventrem:
1950 2401 2101 2454 quam

218 2457 442 2509 lucidum
462 2457 699 2528 quiddam
722 2456 1102 2527 caeruleumque
1131 2454 1219 2507 sub
1251 2456 1356 2525 ipso·
1389 2470 1613 2526 tempore
1650 2460 1871 2527 (ca-pitis)
1906 2456 2106 2510 effulfiti'

218 2534 319 2598 jam-
338 2535 605 2601 porrigitur
631 2545 679 2584 et
696 2530 846 2602 pallet
865 2544 913 2584 et
934 2534 985 2582 in
1007 2549 1164 2582 unu-m
1187 2529 1409 2583 colorem
1432 2536 1765 2601 componitur.
1840 2526 2101 2603 Epichar-

220 2623 330 2659 mus
351 2620 497 2676 poeta
519 2604 708 2659 Siculus
730 2604 890 2673 triglas
910 2604 1118 2675 appellat
1139 2603 1335 2673 gibbaS‚
1374 2601 1609 2680 (χυφρὲς)
1639 2605 1735 2659 fine
1755 2604 1908 2660 dubio
1928 2624 1955 2658 a
1975 2603 2100 2659 facie

217 2679 365 2748 gibba
402 2695 451 2734 et
479 2681 692 2740 devexa3
739 2683 989 2732 miniatam
1020 2679 1102 2732 seu
1130 2677 1330 2732 rubram
1358 2676 1580 2732 Mamm
1595 2698 1626 2749 ,⁵²
1671 2695 1840 2751 captos
1873 2685 1923 2733 in
1954 2680 2104 2734 litore<

213 2756 388 2809 Attico
425 2754 607 2809 mullos
647 2753 808 2808 fulvos
848 2753 1298 2831 (Ξανθοχρῶτας)
1340 2749 1674 2822 Naustcmtes
1705 2770 1867 2826 poeta.
1942 2759 2098 2808 Deni-

215 2847 311 2900 que
332 2825 630 2883 Alexcmder
649 2827 1038 2899 Aphrodisienfis
1062 2832 1112 2881 in
1131 2826 1433 2881 Praefatione
1461 2829 1522 2880 ad
1542 2827 1721 2882 librum
1740 2835 1773 2882 I.
1811 2829 2093 2883 Problema-

216 2918 324 2955 tum
342 2903 553 2955 mullum
573 2908 622 2956 in
646 2922 797 2956 manu
820 2917 1066 2956 retentum
1089 2902 1358 2973 torpedinis
1390 2906 1495 2954 vim
1516 2903 1771 2957 diffolvere
1803 2906 1964 2957 nescio
1995 2921 2091 2974 qua

210 2976 498 3031 audloritate
519 2975 676 3031 refert.
748 2975 1056 3049 Speusippus
1080 2977 1329 3031 Cuculum
1349 2976 1664 3029 hirundinem
1685 2993 1733 3030 et
1749 2978 1941 3046 triglam
1963 2977 2094 3030 fimi·-

208 3051 278 3105 les
297 3049 410 3104 facit
439 3050 624 3114 forma;
670 3071 732 3105 ex
760 3071 863 3123 quo
894 3051 1012 3106 loco
1046 3051 1330 3120 intelligitur
1358 3050 1497 3106 fimul
1524 3051 1837 3105 hirundinem
1866 3067 2093 3107 veterum

203 3126 267 3179 ad
295 3145 451 3196 genus
482 3127 736 3197 triglarum
768 3123 990 3183 Limnaei
1015 3130 1271 3197 pertinere.
1386 3131 1635 3182 Praeterea
1667 3125 1788 3182 illud
1817 3126 1941 3182 mihi
1982 3129 2090 3181 “v-“is

331 3224 336 3229 ·
1947 3214 2083 3257 cert)
