2571 3775
273 450 458 503 Musa-uli
492 454 716 515 pinnarum
745 463 932 498 motores
961 446 1012 494 ad
1047 445 1315 510 superficiem
1345 445 1469 494 sterni
1499 449 1543 494 in
1577 451 1816 499 cavitatibus
1843 452 1885 498 b.
1918 451 1960 498 b.
1981 463 2214 499 excurrunt.

273 524 434 570 Similis
455 521 687 566 articulatio
714 522 941 582 pinnarum
975 517 1254 580 pectoralium
1292 513 1392 561 radii
1426 519 1553 578 primi
1585 521 1628 565 in
1657 518 1793 565 siluris
1815 532 2010 565 annotata
2030 522 2085 566 est
2105 539 2127 567 a
2146 521 2213 567 Cl.

273 593 552 638 Hermann&
582 602 758 648 eamque
778 586 873 632 alibi
898 602 996 631 cum
1019 581 1109 647 ipso
1129 587 1272 629 craniu
1294 585 1450 646 pictam
1474 581 1597 630 dabo.

412 653 502 701 d.d.
516 653 553 700 d,
587 656 792 716 Occipitis
813 672 911 700 cum
936 652 1131 698 vertebris
1156 651 1266 697 dorsi
1287 654 1633 711 conjunctionem
1653 650 1787 699 docet.
1855 650 2066 699 Processus
2087 666 2213 699 trans-

272 723 376 772 versi
398 723 690 770 vertebrarum
709 726 909 768 omnium
937 718 1172 784 longissimi
1201 722 1331 783 primi
1361 737 1460 764 cum
1483 717 1601 766 scutis
1622 724 1809 785 corporis
1829 718 1950 767 osseis
1972 719 2212 768 firmissime

272 792 484 852 conjuncti
506 792 688 836 haerent.
1199 846 1205 851 Α

406 861 496 920 Fig.
514 874 568 916 ¹7·
600 859 752 921 Spinae
773 852 944 903 dorsalis
962 858 1165 920 parietem
1187 850 1349 900 osseum
1373 852 1762 918 perpendicularem
1786 872 1884 901 cum
1906 852 2062 902 adnatis
2085 852 2205 902 scutis

267 924 495 974 dorsalibus
514 939 553 971 et
574 929 727 988 pinnae
749 924 875 971 analis
895 923 1047 970 ostibus
1067 920 1349 986 interspinofis
1369 921 1546 968 firmiter
1565 920 1705 985 spinae
1729 921 1885 982 adnatis
1908 931 1932 968 6
1953 942 1985 968 a.
1998 942 2032 969 a.
2055 926 2206 987 pingit.

269 998 321 1042 ln
342 1008 455 1058 parte
474 990 696 1047 inferiore,
725 1011 828 1058 quae
854 990 1032 1038 dorsum
1060 994 1281 1054 exprimit,
1317 988 1531 1037 foramina
1561 998 1588 1037 6
1618 987 1828 1036 musculos
1857 995 2011 1054 pinnae
2031 990 2204 1041 dorsalis

266 1062 389 1110 radiis
410 1066 707 1108 transmittunt.
775 1064 960 1107 Gemina
993 1056 1258 1124 processuum
1287 1059 1562 1122 obliquorum
1594 1061 1637 1104 in
1668 1056 1838 1104 dorsum
1863 1057 2204 1115 adscendentium

268 1131 445 1178 adlatus
477 1134 641 1192 parietis
674 1126 777 1175 offei
808 1126 988 1192 spinosi,
1029 1141 1069 1173 et
1100 1131 1145 1173 in
1173 1140 1363 1174 ventrem
1396 1123 1736 1172 descendentium
1762 1131 1954 1190 utrinque
1985 1127 2128 1174 firmat
2162 1144 2203 1177 et

267 1197 435 1246 sustinet
460 1195 570 1243 scuta
604 1195 779 1244 dorsalia
805 1209 845 1242 et
871 1196 1089 1242 ventralia.
1179 1195 1263 1241 Sub
1293 1192 1573 1241 foraminibus
1602 1192 1811 1240 musculos
1839 1198 1993 1258 pinnae
2014 1189 2197 1243 'dorsalis

263 1266 635 1314 transmittentibus
658 1262 865 1328 processus
883 1262 1039 1329 spinosi
1060 1262 1336 1310 distinctiores
1355 1258 1514 1315 adsunt,
1544 1279 1622 1308 nec
1644 1260 1744 1308 dum
1773 1266 1815 1308 in
1837 1267 2038 1326 parietem
2060 1281 2198 1314 unum

268 1349 309 1382 et
339 1337 592 1381 continuum
621 1331 784 1380 osseum
814 1334 1068 1379 coaluerunt.
1138 1335 1271 1395 Atque
1295 1335 1340 1377 hi
1373 1327 1579 1394 processus
1603 1327 1759 1394 spinosi
1789 1328 1910 1394 supra
1938 1336 2131 1396 utrinque
2151 1338 2196 1382 in

261 1404 389 1451 latere
407 1401 616 1466 adpofitos
636 1403 787 1448 habent
807 1398 1014 1465 proceffus
1034 1397 1304 1454 transversos,
1341 1399 1487 1463 quibus
1515 1395 1624 1444 scuta
1651 1396 1828 1445 dorsalia
1848 1403 1958 1457 juxta
1977 1396 2194 1448 foramina

261 1469 555 1526 musculorum
577 1469 816 1517 fii-minime
845 1472 982 1529 juncfta
1007 1468 1269 1514 incumbunt.
1339 1469 1503 1512 Primus
1531 1469 1686 1512 horum
1711 1464 1972 1530 processuum
1999 1481 2195 1516 transver-

260 1538 406 1588 sorum
429 1542 629 1585 omnium
650 1537 914 1601 longiffimus
935 1538 1050 1583 litera
1070 1537 1107 1581 b.
1136 1549 1296 1582 notatus
1318 1547 1485 1598 apparet
1511 1537 1554 1579 in
1575 1534 1723 1597 figura.
1796 1532 2007 1581 Processus
2029 1536 2193 1602 obliqui

259 1605 480 1654 inferiores
504 1608 617 1654 litera
639 1626 672 1654 c.
691 1604 917 1670 superiores
938 1604 977 1651 d.
998 1609 1124 1651 notati
1149 1602 1251 1650 sunt.
1319 1606 1438 1649 Scuta
1459 1599 1635 1648 dorsalia
1654 1601 1868 1666 signantur
1885 1603 2009 1649 literis
2019 1621 2098 1651 e.e-
2111 1623 2142 1651 e.
2156 1624 2195 1653 e.

255 1675 408 1724 eostae
427 1674 566 1723 nullae
584 1673 753 1726 adsunt,
783 1691 861 1720 nec
879 1677 923 1719 in
941 1674 1072 1720 lorica
1094 1669 1357 1718 absconditus
1379 1667 1489 1716 ossea
1509 1667 1631 1734 piscis
1653 1674 1701 1717 iis
1721 1687 1825 1733 opus
1848 1671 2037 1718 habebat.

396 1747 662 1789 Accuratiore
679 1740 956 1804 descriptione
977 1742 1233 1804 reliquarum
1256 1742 1447 1802 corporis
1467 1741 1650 1801 partium
1671 1756 1780 1783 nunc
1798 1735 2065 1801 supersede03
2095 1757 2191 1789 eam

258 1811 435 1859 lectores
456 1824 594 1874 petent
617 1829 666 1857 ex
687 1810 902 1855 Gronovit
931 1806 1086 1855 Museo
1104 1822 1144 1853 et
1165 1805 1477 1870 Zoophylacio,
1508 1809 1694 1869 itemque
1716 1823 1765 1851 ex
1787 1807 1967 1852 Linnaei
1990 1805 2191 1873 Descript.

257 1877 412 1928 Museo
432 1877 616 1943 Adolph.
634 1876 790 1924 Frider.
810 1878 839 1923 1.
861 1894 901 1938 p.
921 1892 988 1934 79.
1008 1877 1077 1921 ubi
1097 1878 1208 1922 redte
1228 1887 1403 1939 quatuor
1431 1874 1702 1920 membranae
1728 1874 2066 1939 branchiostegae
2086 1876 2193 1924 radii

257 1959 545 1995 numerantur.
613 1943 824 2009 Equidem
843 1961 907 1988 eas
928 1941 1062 1989 modo
1082 1956 1213 2006 partes
1244 1945 1446 2004 attingere
1464 1940 1604 1995 volui,
1639 1960 1736 2005 quas
1756 1945 1834 1988 viri
1857 1939 1972 2001 doffi
1991 1943 2104 1989 male
2122 1958 2190 1992 aut

196 2061 199 2063 ,
258 2034 358 2063 cum
380 2012 636 2061 dubitatione
655 2013 792 2076 aliqua
809 2024 1029 2072 notarunt3
1055 2008 1213 2057 osseam
1235 2027 1335 2056 vero
1354 2025 1610 2073 compagem
1632 2011 1754 2073 plane
1773 2027 1922 2056 omnes
1946 2009 2190 2059 omiserunt.

395 2086 528 2129 Sterni
551 2080 873 2129 similitudinem
899 2080 1082 2144 aliquam
1103 2097 1202 2125 cum
1225 2076 1351 2124 fimili
1375 2081 1601 2139 pinnarum
1629 2076 1908 2140 pecstoralium
1931 2077 2037 2124 radii
2056 2084 2189 2142 primi

258 2152 545 2199 articulatione
565 2154 608 2196 in
628 2147 931 2196 Additamentis
959 2151 1153 2194 annotavi
1179 2165 1229 2194 ex
1247 2145 1314 2192 Cl.
1342 2146 1410 2192 W
1407 2145 1587 2191 albonmi
1608 2149 1818 2191 anatomia
1840 2144 1982 2209 gladii.
2055 2146 2134 2194 Sed
2157 2153 2189 2196 is

255 2218 517 2283 scapularum
540 2223 719 2265 nomine
739 2218 878 2262 alieno
901 2220 956 2262 uti
981 2216 1150 2269 maluit,
1185 2229 1225 2260 et
1254 2212 1498 2268 claviculae,
1528 2216 1595 2258 cui
1624 2212 1732 2259 nihil
1763 2211 1902 2259 fimile
1928 2218 1973 2260 in
1992 2210 2189 2263 loricaria

258 2291 440 2350 reperire
458 2292 586 2351 potui.
653 2289 828 2334 Utinam
848 2282 900 2330 de
919 2287 999 2330 vita
1019 2287 1129 2335 eius,
1159 2285 1275 2346 virtu,
1292 2294 1411 2344 atque
1434 2282 1686 2328 habitatione
1706 2285 1879 2328 certiora
1898 2280 2188 2341 edoceremur,

257 2354 370 2403 unde
393 2353 445 2400 de
466 2353 535 2401 usu
557 2369 641 2402 tam
662 2352 877 2417 singularis
898 2350 1078 2398 fabricae
1099 2354 1199 2405 oris,
1220 2348 1412 2396 cordialis
1435 2353 1614 2396 cavitatis
1634 2364 1672 2396 et
1692 2351 1988 2397 branchiarum
2006 2350 2192 2411 judicare,

257 2424 410 2472 licebit.
2187 2470 2191 2479 .

395 2492 483 2554 fig.
506 2499 560 2540 18.
581 2507 637 2545 ¹9*
668 2490 830 2534 Partem
856 2485 995 2550 spinae
1018 2481 1190 2531 dorsalis
1211 2503 1308 2531 cum
1336 2481 1488 2530 adnato
1509 2482 1666 2530 vesicae
1692 2502 1832 2531 aereae
1850 2488 2106 2550 receptaculo
2128 2488 2191 2537 os·

258 2554 331 2606 seo
349 2560 513 2606 exhibet
532 2576 581 2604 ex
600 2555 796 2603 Cobitide
826 2554 968 2603 foffili.
1040 2551 1259 2616 Depreffio
1288 2550 1418 2598 medii
1450 2552 1695 2612 receptaculi
1725 2554 1926 2618 oblongi,
1975 2570 2094 2619 atque
2123 2576 2190 2605 ex·

259 2639 400 2673 tremo
429 2641 603 2691 utroque
635 2621 861 2671 transverso
881 2618 1092 2675 rotundo,
1121 2625 1320 2685 geminae
1348 2618 1501 2666 vesicae
1521 2617 1702 2683 speciem
1726 2622 1903 2684 praebet.
1973 2624 2191 2687 Ado-atum

261 2694 319 2740 est
339 2699 477 2741 tertiae
497 2708 537 2741 et
557 2708 721 2759 quartae
740 2693 972 2744 vertebrae,
1002 2703 1124 2753 atque
1150 2693 1195 2735 in
1223 2687 1372 2734 eadem
1400 2688 1510 2734 linea
1544 2686 1667 2734 situm
1691 2708 1790 2734 eum
1813 2693 1949 2753 pinnis
1969 2695 2192 2755 pectorali,

261 2764 348 2816 bus,
369 2782 473 2827 quae
494 2758 699 2827 processui
718 2762 831 2808 brevi
847 2762 1043 2806 uncinato
1057 2761 1278 2822 inutraque
1291 2757 1598 2821 protuberantia
1609 2760 1818 2804 eminente
1830 2758 2190 2807 firmataemuscu-

258 2830 310 2877 lis
330 2830 566 2879 adhaerent.
610 2829 674 2878 Ad
695 2829 798 2877 latus
823 2841 1048 2891 utrumque
1071 2827 1314 2889 receptaculi
1336 2827 1366 2871 F
1371 2829 1424 2888 ig.
1445 2841 1502 2881 19.
1521 2829 1737 2887 prominet
1756 2824 1962 2889 processus
1983 2830 2192 2875 vertebrae

263 2902 404 2945 tertiae
423 2899 624 2951 lateralis,
660 2902 729 2961 qui
757 2897 892 2944 costae
922 2895 1067 2941 locum
1095 2895 1268 2952 obtinet.
1340 2897 1451 2940 Intus
1483 2891 1637 2939 inclusa
1665 2896 1804 2939 haeret
1836 2893 1963 2940 vesica
1983 2897 2196 2958 membrass

261 2985 385 3012 nacea
406 2971 538 3014 tenuis
557 2967 647 3013 alba
670 2964 869 3028 simplex,
902 2967 1014 3010 cuius
1045 2961 1190 3009 duc'tus
1221 2965 1407 3008 minutus
1433 2960 1648 3025 brevisque
1678 2964 1721 3006 in
1751 2959 2037 3026 oesophagum
2068 2957 2195 3028 patetss

262 3038 364 3080 Hoc
396 3034 523 3082 ductu
552 3051 749 3082 evomere
778 3034 936 3079 crebras
956 3035 1057 3077 aeris
1084 3031 1212 3077 bullas
1233 3028 1395 3076 videtur
1423 3026 1555 3092 piscis.
1625 3032 1742 3093 Qae
1764 3028 1794 3074 si
1814 3027 1988 3092 suspicio
2009 3051 2101 3080 vera
2122 3034 2194 3088 est,

262 3099 436 3151 diffefto
458 3121 533 3170 per
555 3103 713 3152 lineam
736 3105 962 3167 pinnarum
984 3100 1260 3165 peot‘oralium
1285 3111 1350 3144 aut
1373 3098 1636 3162 compundlo
1659 3097 1918 3162 receptaculo
1943 3098 2074 3155 offeo,
2110 3101 2206 3149 bul-⁴

1253 3169 1334 3215 Uu
2059 3169 2196 3218 larum
