2571 3775
459 337 559 387 142
1255 326 1548 366 —'-'''¹

450 449 700 522 pedinem.
803 444 943 497 Idem
966 445 1019 495 11.
1045 447 1167 508 462.
1187 442 1322 514 seqq:
1346 442 1408 496 de
1446 443 1715 513 pastinacae
1752 443 1927 501 acideo
1957 443 2143 503 fabulas
2173 467 2352 510 narrat.

451 529 722 594 Capturam
748 516 782 574 fi
811 539 913 573 non
939 516 1235 579 fabulosam,
1275 517 1536 571 ridiculam
1567 523 1738 590 utique
1766 518 1913 574 refert
1940 520 2179 577 Aelianus
2197 531 2353 580 XVII.

459 613 539 657 ΓΒ,
615 597 885 650 Pastina'cae
911 598 960 647 in
982 593 1137 646 cauda
1158 591 1311 645 telum
1341 596 1536 647 uncinis
1569 592 1766 650 reverfis
1793 589 2044 651 memorat
2074 596 2350 672 Dio-seori*

454 672 542 729 des
568 677 620 725 Π.
663 689 764 740 cap.
791 687 872 720 22.
1187 674 1189 676 ’
1481 718 1483 720 ,

490 770 494 773 >
610 750 817 813 Serpens
843 744 1059 795 marinus
1092 739 1227 792 audit
1257 734 1464 792 Alberto
1483 744 1536 792 ΙΙ.
1568 758 1614 811 p.
1638 757 1724 805 40.
1748 758 1788 793 a.
1819 745 1871 794 in
1902 748 2026 799 mari
2046 760 2214 799 autem
2241 747 2363 802 sunt'

455 819 608 875 multa
640 835 828 886 generav
856 816 1135 885 serpentum
1164 827 1210 865 et
1242 831 1348 866 non
1381 827 1585 867 manent
1615 817 1667 866 in
1699 814 2129 887 locisprofundiffi
2185 821 2267 874 sed
2300 825 2352 876 in

455 897 738 966 propinquo
760 894 1001 960 riparum,
1036 900 1270 940 ettamen
1301 891 1352 939 in
1382 892 1507 940 ina-ri
1524 890 1737 942 Oceano
1765 893 1817 942 in
1843 888 1981 961 'pa-rte
2015 913 2111 967 qua
2141 897 2354 949 Germa-

458 974 593 1021 niam
624 969 818 1033 attingit
852 966 1100 1016 invenitur
1128 961 1322 1031 serpens
1357 967 1638 1032 quantitatis
1671 961 1773 1017 sere
1809 970 1962 1019 cruris
1985 966 2230 1031 honiiniS‚
2269 969 2356 1023 ha-

454 1043 579 1097 bens
601 1040 830 1095 aculeum
848 1052 980 1091 retro
1012 1041 1060 1088 in
1086 1036 1239 1088 cauda
1264 1054 1532 1100 corneum,
1562 1041 1654 1110 qui
1674 1054 1952 1108 amputatur
1973 1059 1999 1093 a
2020 1043 2372 1111 piscatoribus‚'

461 1132 510 1170 et
532 1118 697 1188 postea
714 1128 878 1168 totum
899 1111 1144 1165 residuum
1174 1114 1396 1180 corporis
1431 1112 1736 1173 comeditur3
1770 1128 1818 1166 et
1847 1113 1927 1167 ille
1948 1114 2134 1169 habitat
2164 1119 2216 1170 in
2239 1137 2357 1187 pro-

459 1191 617 1246 fundo
643 1192 792 1243 maris
819 1188 900 1240 sed
923 1204 1027 1239 non
1052 1202 1169 1237 vere
1194 1186 1263 1237 est
1290 1186 1487 1255 serpens
1524 1191 1753 1258 quamvis
1788 1187 1840 1240 sit
1863 1190 2008 1258 piscis
2033 1191 2359 1260 serpentinus.

245 1276 325 1320 No,
346 1283 386 1328 5,
608 1260 800 1331 Αετός,
843 1259 1039 1333 Aquila.
1115 1263 1311 1312 Locum
1343 1263 1548 1312 unicum
1577 1258 1860 1330 Aristotelis
1900 1265 1999 1329 jam
2031 1265 2171 1335 supra
2198 1267 2383 1337 posui,¹

462 1361 525 1395 ex
552 1359 654 1411 quo
674 1333 883 1392 Plinius
911 1338 1062 1388 etiam
1086 1336 1210 1385 inter
1232 1332 1575 1402 cartilagineos
1599 1340 1839 1390 nominat.
1886 1335 2166 1410 Oppianus
2183 1345 2215 1392 Ι.
2236 1349 2361 1407 642.

462 1434 581 1469 cum
602 1412 805 1482 reliquis
834 1409 1153 1477 cartilagineis
1184 1407 1360 1460 animal
1389 1426 1558 1478 parere
1587 1413 1729 1462 canit.
1807 1412 2051 1465 Indicium
2080 1412 2270 1469 formae
2299 1433 2363 1469 ex

464 1488 600 1544 nullo
634 1487 926 1555 scriptorum
954 1497 1178 1536 veterum
1206 1496 1374 1551 petere
1409 1481 1525 1535 licet
1537 1503 1551 1543 3
1592 1487 1740 1552 igitur
1768 1486 2043 1555 pendemus
2083 1506 2146 1540 ex
2186 1494 2392 1558 ignoto,

466 1557 798 1635 Kyrm‘zidum
828 1560 1060 1628 scriptore
1089 1574 1298 1624 graeCO,
1337 1575 1455 1629 quas
1485 1571 1650 1611 tamen
1678 1558 1835 1612 hodie
1863 1559 2035 1616 latinas
2064 1577 2255 1616 tantum
2276 1564 2364 1617 ha·-

468 1638 660 1692 bemus.
735 1639 808 1685 Ex
829 1651 893 1686 eo
919 1635 1069 1700 igitur
1089 1630 1213 1684 libro
1234 1630 1479 1696 jamolim
1502 1628 1621 1686 Con.
1643 1630 1835 1705 Gestzer
1856 1636 2074 1706 Aquatil.
2106 1657 2156 1707 p.
2181 1644 2263 1698 86.
2289 1637 2364 1692 lo-

467 1731 589 1764 cum
611 1710 741 1762 hunc
759 1706 938 1760 retulit.
999 1707 1157 1759 Aetos
1181 1705 1232 1756 id
1253 1709 1320 1758 est
1339 1705 1497 1776 aquila
1513 1743 1527 1768 ,
1556 1707 1694 1775 piscis
1719 1710 1785 1760 est
1805 1708 1902 1762 fine
1923 1711 2160 1780 squamiS‚
2199 1711 2363 1768 fimilis
2381 1716 2395 1722 ”

472 1786 679 1847 hieraci‚
713 1783 762 1835 id
785 1783 851 1834 est
873 1783 1121 1850 accipitri,
1159 1779 1242 1831 sed
1264 1783 1478 1846 nigrior,
1519 1797 1608 1849 per
1629 1785 1797 1834 omnia
1829 1781 1990 1838 fimiiis
2014 1791 2208 1854 trygoni
2235 1789 2366 1857 pisci.
2392 1789 2395 1798 '

473 1865 612 1914 Haec
633 1857 775 1911 verba
800 1874 862 1908 ex
885 1854 1011 1907 libro
1031 1859 1063 1905 I.
1091 1853 1280 1916 laudat,
1318 1853 1400 1905 sed
1429 1871 1490 1927 ex
1514 1852 1642 1907 libro
1663 1870 1839 1926 quarto
1863 1858 2027 1911 inserit
2051 1863 2157 1929 post
2184 1868 2368 1931 tmjgo-
2391 1868 2395 1878 ²

475 1932 532 1989 Μ’
551 1930 687 2004 pisci
715 1946 905 2001 praeter
937 1942 1175 1981 centrum.
1267 1927 1513 1998 Equidem
1540 1931 1590 1980 in
1620 1929 1835 1983 editione
1868 1929 2054 1987 Rivini
2084 1925 2368 1988 initio'libri
2397 1947 2399 1949 ’

474 2011 637 2080 quarti
666 2025 712 2075 p.
738 2023 851 2070 ¹39·
885 2008 946 2056 ita
974 2005 1168 2072 reperio
1195 2002 1448 2071 scriptum:
1491 2003 1654 2056 Aetos
1674 2004 1810 2073 piscis
1841 2007 1909 2058 est
1931 2006 2116 2079 absque
2139 2010 2370 2081 squamiS‚

476 2081 640 2140 fimilis
669 2081 883 2149 accipitri
913 2077 1051 2147 pisci,
1102 2078 1287 2144 nigrior
1316 2090 1510 2137 tamen,
1564 2076 1727 2130 fimih's
1755 2097 1908 2149 parvo
1942 2087 2136 2151 trygoni
2168 2098 2370 2154 propter

477 2170 717 2210 centrum.
794 2155 952 2218 Hujus
979 2169 1099 2219 ergo
1123 2150 1262 2221 piscis
1287 2148 1467 2219 lapides
1488 2152 1698 2222 quisunt
1727 2156 1777 2205 in
1797 2158 1953 2224 capite
1973 2157 2176 2227 suspensi
2196 2169 2254 2210 fet
2276 2172 2372 2211 cet.

478 2231 627 2284 Vides
653 2229 775 2280 haec
794 2226 986 2280 adversa
1007 2223 1169 2278 fronte
1200 2242 1418 2294 pugnare
1440 2244 1557 2276 cum
1584 2225 1744 2279 verbis
1766 2245 1792 2278 a
1814 2226 2036 2300 Gefizero
2068 2231 2244 2294 allati8‚
2277 2251 2372 2286 nec

477 2305 597 2379 quid
626 2308 678 2355 in
699 2320 879 2369 graeco
899 2299 1024 2352 libro
1050 2299 1127 2360 fit,
1168 2299 1279 2350 scio.
1359 2298 1538 2350 Codex
1556 2303 1694 2351 enim
1712 2303 2015 2373 Mosquenfis
2049 2303 2174 2359 libro
2196 2311 2372 2378 quarto

481 2392 624 2432 caret.
717 2379 823 2427 Nec
859 2373 1099 2444 equidem?
1124 2370 1393 2423 tribuerem
1431 2371 1614 2443 aliquid
1651 2373 1927 2429 audioritati
1959 2378 2180 2432 hominis
2212 2383 2371 2447 ignoti

480 2468 531 2506 et
554 2447 856 2521 superstitiofi
881 2447 967 2500 nifi
996 2465 1113 2500 eum
1137 2445 1368 2499 meliores
1398 2446 1657 2515 scriptor-es
1688 2463 1738 2500 et
1765 2454 2093 2522 antiquiores,
2138 2468 2191 2506 ut
2214 2452 2372 2507 Mar-

483 2524 651 2580 cellum
684 2523 900 2576 Sidetam
926 2522 987 2574 de
1020 2520 1269 2574 medicina
1296 2520 1633 2590 ex‘piscibus‚
1687 2526 1827 2590 cujus
1855 2525 2007 2581 hodie
2039 2524 2372 2597 fragmentum

485 2599 635 2654 breve
657 2597 896 2651 habemus
919 2595 1183 2666 reliquum,
1219 2593 1509 2663 exscripfiffe
1532 2598 1785 2650 constaret.

247 2685 314 2726 ἢ).
333 2692 423 2725 102.
634 2676 765 2741 Βὲς,
796 2677 894 2725 Bos
921 2674 1150 2724 marinus.
1225 2665 1510 2740 Aristoteles
1538 2674 1600 2723 H.
1621 2672 1685 2723 A.
1713 2677 1769 2724 V.
1802 2692 1845 2732 ς.
1880 2676 2007 2727 inter
2028 2675 2374 2745 cartilagineos

270 2741 352 2783 No.
371 2743 412 2789 8·
487 2749 888 2818 cum'pastinaca,
922 2744 1108 2817 aquila,
1152 2742 1309 2805 rubo,
1350 2756 1399 2794 et
1424 2744 1637 2816 squatina
1658 2747 1887 2799 recenset.
1961 2753 2039 2801 VI.
2070 2767 2147 2801 12.
2168 2749 2373 2819 delphis,

486 2822 721 2893 phalaena
751 2828 799 2874 e't
818 2820 996 2892 reliqua
1022 2834 1126 2872 cete
1139 2856 1153 2882 ‚
1198 2835 1323 2890 quae
1343 2815 1583 2872 branchiis
1606 2835 1772 2873 carent
1790 2835 1840 2873 et
1858 2821 2011 2876 fistula
2038 2827 2089 2876 in
2109 2828 2263 2895 capite
2279 2842 2373 2893 po·-

487 2897 569 2952 fita
593 2897 792 2966 spirant,
832 2899 1001 2948 vivum
1033 2891 1206 2947 animal
1227 2895 1449 2962 pariunt3
1484 2895 1640 2964 pristis
1670 2909 1917 2963 praeterea
1947 2911 1995 2949 et
2017 2896 2120 2952 bos.
2195 2896 2373 2951 Nullus

491 2976 623 3023 enim
652 2971 834 3023 horum
863 2970 1067 3040 piscium
1092 2987 1190 3022 ova
1222 2984 1389 3035 gerere
1420 2985 1639 3038 unquam
1667 2969 1808 3021 visus
1829 2971 1924 3031 est,
1967 2972 2046 3023 sed
2081 2975 2239 3025 statim
2265 2969 2374 3025 foe-

493 3059 600 3096 tum
629 3059 828 3112 gerunt,
880 3064 942 3098 ex
966 3063 1068 3115 quo
1100 3041 1365 3095 informato
1387 3041 1441 3092 fit
1468 3040 1675 3103 animal,
1715 3055 1766 3094 ut
1797 3042 1955 3098 homo
1981 3060 2030 3098 et
2061 3046 2242 3117 reliqua
2271 3049 2375 3098 ani-

496 3117 635 3170 malia
667 3122 890 3189 vivipara.
981 3116 1178 3173 Deinde
1214 3113 1545 3185 fingulorum,
1598 3134 1724 3188 quos
1760 3122 2140 3186 nominaverat,
2171 3120 2377 3189 piscium

2156 3208 2384 3248 Cetaceo·
