2571 3775
1065 366 1357 388 -““““““
2041 373 2108 420 27
2123 369 2150 413 1'

261 436 2147 531 ÷****÷÷*******Q÷÷*aaaaaaa*÷÷*÷

378 631 2013 722 OBSERVATIONES

253 960 352 1012 DE
391 954 970 1010 RESPIRATIONE
1009 955 1355 1016 PISCIUM,
1393 954 1610 1006 VASIS
1646 955 2144 1022 SANGUINEIS,

403 1052 819 1132 ODORATU
854 1054 956 1110 ET
990 1052 1387 1105 PARTIBUS
1428 1046 1990 1107 GENITALIBUS.

248 1226 559 1351 Postquam
580 1229 677 1299 ipse
691 1226 991 1281 absolveram
1014 1227 1265 1282 historiam
1288 1228 1570 1282 litterariam
1590 1231 1891 1299 opinionum
1912 1228 1974 1281 de
1990 1227 2135 1296 respi-

372 1307 560 1356 ratione
587 1304 821 1373 piscium,
866 1303 1066 1355 tandem
1100 1301 1270 1356 nadlus
1300 1305 1404 1356 sum
1436 1306 1688 1371 egregiam
1718 1303 1792 1358 Cl.
1826 1299 2136 1374 Broztffomet

248 1377 651 1440 dissertationem,
686 1396 748 1430 ex
777 1395 872 1448 qua
906 1381 1061 1447 capita
1094 1382 1351 1447 praecipua
1384 1377 1605 1430 translata
1635 1378 1732 1429 huc
1760 1395 1972 1447 ponam,
2006 1395 2134 1447 quo-

244 1457 379 1504 niam
400 1452 507 1505 loca
530 1451 719 1524 aliquot
743 1452 1035 1521 scriptorum
1058 1467 1280 1504 veterum
1304 1456 1366 1505 ita
1387 1450 1527 1505 fimul
1551 1451 1885 1521 explicantur,
1919 1451 2132 1504 aliorum

240 1527 471 1580 sententia
501 1529 855 1586 confirmatum
914 1526 1125 1599 denique
1169 1525 1346 1580 leffiori
1378 1525 1492 1578 hinc
1536 1524 1806 1587 constabit,
1850 1542 2134 1597 *quousque

243 1600 468 1655 doctrina
490 1601 701 1653 difficilis
728 1600 790 1653 de
810 1600 1123 1670 respiratione
1143 1602 1347 1670 piscium
1375 1601 1819 1652 recentiffimorum
1842 1614 2132 1668 temporum

239 1690 288 1729 et
307 1677 597 1746 scriptorum
620 1675 784 1727 studiis
813 1674 977 1728 evecsta
999 1674 1076 1738 fit,
1117 1690 1165 1728 et
1203 1675 1321 1746 quid
1349 1674 1681 1744 perficiendae
1703 1677 1793 1727 toti
1817 1674 2130 1743 disputationi

239 1764 286 1803 et
309 1752 669 1819 comparationi
692 1768 809 1800 cum
837 1749 1033 1820 reliquis
1055 1748 1349 1801 animalibus
1371 1747 1693 1801 ablolvendae
1714 1746 1857 1810 defit,
1891 1766 1917 1800 a
1937 1744 2128 1801 futurae

237 1829 401 1877 aetatis
431 1825 682 1892 sagacitate
712 1821 1113 1894 experientiaque
1149 1824 1337 1887 majore
1366 1821 1665 1874 addendum.
1699 1882 1702 1885 ⁴
1744 1820 2128 1876 Observationes

237 1898 499 1952 Gallorum
521 1895 617 1951 Du
647 1894 705 1950 V
704 1914 855 1968 ermey
889 1911 936 1949 et
965 1894 1178 1958 (ioman,
1232 1910 1281 1949 et
1301 1899 1517 1948 Britanni
1550 1893 1749 1949 Momm
1777 1894 1917 1952 facile
1939 1894 2126 1970 ubique

238 1971 543 2042 comparabit
575 1969 728 2024 letior
758 1971 997 2038 diligenS,
1037 1971 1146 2022 satis
1174 1989 1307 2022 nunc
1331 1968 1640 2039 pervulgatae
1673 1984 1720 2022 et
1739 1989 1896 2040 nuper
1919 1975 2064 2023 etiam
2095 1989 2124 2025 a

235 2047 309 2101 Cl.
340 2040 629 2102 lschlbmmz
650 2049 700 2098 in
724 2063 859 2097 nova>
878 2040 1198 2098 Artedimme
1225 2039 1592 2115 Philosophiae
1614 2044 1833 2107 editione
1857 2063 2034 2114 magna
2056 2065 2120 2098 ex

233 2136 366 2192 parte
384 2124 624 2190 repetitas
700 2119 800 2189 Ipse
822 2138 940 2172 vero
961 2118 1211 2172 interdum
1232 2118 1547 2187 disputationi
1580 2120 1668 2170 viri
1687 2121 1873 2187 egregii
1900 2122 2125 2190 interpo-

231 2215 347 2249 nam
368 2194 401 2249 fi
421 2194 537 2267 quid
560 2192 685 2246 mihi
706 2198 764 2249 in.
778 2208 1003 2248 mentem
1029 2196 1245 2258 venerit,
1277 2207 1361 2248 aut
1384 2191 1418 2248 fi
1441 2191 1560 2266 quid
1582 2190 1641 2246 ab
1661 2191 1769 2248 aliis.
1785 2192 1963 2248 eadem
1983 2194 2044 2248 de
2064 2213 2119 2249 re

230 2284 519 2324 annotatum
537 2286 823 2338 repererim.

411 2419 638 2483 Organa,
683 2411 861 2486 quibus
886 2413 1111 2470 animalia
1143 2432 1308 2468 aerem
1338 2414 1548 2485 spirant,
1612 2417 1734 2468 intra
1757 2431 1937 2484 corpus
1961 2410 2113 2484 polita

226 2492 397 2553 latent,
436 2508 529 2543 nec
551 2489 689 2542 aliter
714 2489 799 2543 nifi
817 2494 866 2543 vi
889 2490 1110 2546 laceratis·
1129 2487 1443 2561 dissectisque
1464 2488 1701 2543 membris
1718 2493 1768 2560 in
1791 2486 2112 2559 conspec‘ium

222 2566 487 2636 prodeunt.
569 2568 754 2619 Contra
780 2582 905 2633 quae
924 2583 1101 2635 aquam
1121 2565 1313 2633 spirant,
1353 2583 1431 2617 eas
1450 2578 1625 2634 parteS,
1659 2562 1837 2634 quibus
1858 2565 2107 2633 respiratio

222 2645 484 2711 peragitur,
510 2639 569 2692 acl
588 2638 906 2708 consped'tum
928 2637 1164 2708 expofitas
1185 2637 1312 2709 quali
1338 2651 1528 2706 gerunt.
1575 2642 1717 2707 Quae
1739 2638 1941 2708 quidem
1966 2638 2107 2689 diffe-

220 2719 378 2769 rentia
412 2712 569 2767 multo
615 2718 772 2782 magis
813 2712 1043 2766 notabilis
1067 2714 1133 2767 est
1168 2717 1216 2764 in
1242 2711 1639 2784 quadrupedibus
1672 2712 1966 2783 quibusdam
1996 2715 2107 2764 ovi-

218 2794 364 2860 pariS,
413 2807 537 2860 quae
561 2789 724 2842 donec
744 2786 955 2841 formam
981 2791 1203 2857 corporis
1222 2789 1393 2853 justam
1416 2785 1768 2856 explicaverint
1789 2785 2119 2839 absolverint-.

219 2882 334 2936 que,
365 2862 449 2915 sub
469 2867 604 2935 aquis
626 2863 812 2931 degunt
833 2880 1109 2934 aquamque
1127 2861 1474 2921 branchiarum-
1494 2860 1725 2914 similibus
1750 2865 1944 2929 organis
1966 2874 2104 2914 extra

216 2937 440 3008 appofitis
472 2941 706 3005 corpori,
771 2940 935 3007 postea
977 2955 1095 2990 vero
1122 2935 1345 2997 absoluto
1377 2954 1587 3005 corpore
1619 2939 1670 2987 in
1706 2950 1884 2987 terram
1918 2934 2100 3002 egressa

212 3031 380 3066 aerem
400 3010 718 3081 pulmonibus
741 3015 861 3064 intra
893 3030 1072 3081 corpus
1104 3009 1360 3075 latentibus
1389 3012 1576 3080 spirant.
1652 3012 1896 3062 Ranarum
1919 3008 2101 3062 scilicet

210 3087 394 3151 larvae,
430 3087 515 3140 seu
533 3089 691 3154 gyrini
715 3085 955 3141 branchiis
988 3091 1115 3142 veris
1143 3087 1317 3158 spirant
1346 3100 1394 3139 et
1421 3083 1646 3143 foramen
1666 3087 1717 3139 in
1738 3083 1921 3141 finistro
1946 3082 2097 3137 latere

1854 3195 1857 3198 -
1931 3177 2092 3213 unum
