2571 3775
1975 324 2084 387 169

189 445 501 519 Apameenfi.
610 445 820 501 Silurum
853 443 1075 497 nostrum
1105 445 1154 496 in
1184 441 1304 497 Nilo
1333 460 1434 497 non
1467 445 1675 515 reperi-t,
1720 447 1877 502 saltim.
1899 449 2086 514 omilin·

184 519 438 595 fiffisffil,
481 524 566 592 qui
602 522 782 590 species
825 517 937 571 Niliv
970 516 1156 571 incolas
1187 518 1307 570 duas
1339 537 1385 589 p.
1415 526 1499 580 65.
1553 533 1649 572 tres
1683 539 1804 575 vero
1840 523 2081 595 descripsit

191 593 497 668 Huffilquss
529 596 766 646 Itinerarii
790 610 836 661 p.
852 612 879 655 4
898 610 973 644 12.
1050 597 1219 664 Itaque
1240 595 1390 645 etiam
1413 592 1513 645 hoc
1535 609 1830 661 argumento
1856 600 2082 652 constare:

187 672 374 739 potest,
414 681 601 721 veteres
624 668 686 720 de
705 668 885 720 diversa
906 666 1061 738 aliqua
1084 667 1244 736 specie
1267 667 1525 720 tradidisse.
1602 666 1815 721 Silurum
1831 670 1928 721 Istri
1942 689 2085 739 prae-

190 743 428 811 grandem
450 740 598 794 habet
617 739 868 795 Aelianus
897 745 1025 794 XIV.
1050 759 1134 802 Ως.
1169 745 1208 794 is
1245 746 1378 794 enim
1411 740 1564 795 hamo
1595 747 1798 812 capitur,
1837 743 2083 813 pulmone

190 820 381 870 taurino
401 835 494 885 pro
508 816 610 868 esca
631 816 806 878 indito,
845 829 906 887 et⁸
917 829 1086 884 captus
1109 833 1195 886 per
1205 812 1379 868 funem
1401 814 1559 869 boum
1573 817 1774 886 protelis
1798 817 2081 873 extrahitur.

187 886 484 948 Athenaeus
505 890 700 945 diverfis
723 890 844 944 locis
858 890 920 942 de
933 889 1127 958 glanide
1149 904 1198 942 et
1210 888 1353 943 filuro
1365 891 1510 942 tradit
1523 895 1678 961 V11.p.
1702 904 1884 954 287.et
1893 912 1938 962 p.
1960 912 1982 956 3
2001 914 2017 944 1
2037 912 2083 947 ι.

184 968 240 1020 In
259 961 559 1018 Xenocrate
581 965 641 1017 de
662 965 924 1018 Alimento
945 983 1008 1017 ex
1023 962 1334 1035 Aquatilibus
1355 983 1456 1034 cap.
1472 984 1519 1027 9.
1559 969 1843 1018 nominatur
1861 962 2079 1043 γλάμος,

188 1038 270 1090 sed
291 1037 440 1091 dubia
458 1041 526 1092 est
546 1043 725 1092 merito
750 1038 912 1093 lenio.
988 1042 1190 1105 Legitur
1223 1041 1382 1105 enim:
1437 1033 1647 1106 Γλάμος
1682 1035 1829 1112 μετοὶ
1865 1036 2082 1116 λάβρα-

188 1136 303 1181 κως,
342 1113 478 1171 ἔοικε
507 1109 616 1193 «γάρ
646 1109 833 1175 πάντα
861 1112 1030 1191 οἱυτῷ,
1066 1110 1239 1186 ἧττον.
1287 1129 1413 1183 quae
1447 1110 1711 1183 Rafarius
1739 1116 1913 1176 vertit,
1949 1114 2080 1184 quast

180 1183 404 1256 glaucus
437 1187 636 1255 legerit,
679 1191 760 1241 cui
787 1186 994 1242 fimilem
1025 1204 1113 1256 per
1139 1190 1309 1240 onmia
1339 1186 1589 1256 praedicat
1618 1185 1864 1240 labracem
1893 1185 2078 1241 Xeno-

185 1267 377 1327 crates,
422 1261 504 1313 sed
530 1261 806 1315 salubritate
835 1259 1134 1315 inferiorem.
1250 1253 1484 1314 bVottbn
1517 1264 1666 1313 etiam
1696 1261 1900 1329 glaucus
1932 1261 2083 1329 legit;

190 1352 316 1405 quae
346 1335 553 1406 quidem
576 1337 703 1389 mihi
724 1340 887 1391 verior
909 1335 1003 1389 effe
1024 1334 1218 1388 videtur
1238 1332 1403 1388 letho.
1507 1339 1758 1388 Praeterea
1790 1354 1881 1389 nec
1911 1335 2077 1404 glanin

188 1426 282 1460 nec
303 1407 504 1463 filurum
523 1414 747 1463 nominat
766 1408 1106 1464 Xenocrates.
1182 1411 1355 1479 Atque
1378 1409 1500 1463 haec
1522 1413 1688 1461 omnia
1713 1409 1792 1462 vel
1818 1407 2081 1481 praecipua

188 1482 296 1534 sunt
316 1498 542 1536 veterum
569 1484 678 1538 loca
702 1485 1022 1555 scriptorum,
1061 1502 1123 1537 ex
1150 1482 1330 1555 quibus
1362 1482 1606 1549 judicium
1639 1484 1701 1536 de
1722 1483 1867 1538 filuro
1897 1498 1944 1536 et
1976 1484 2079 1553 gla-

188 1556 301 1609 nide
334 1557 530 1627 pendet.
624 1559 912 1628 Adjungam
946 1577 1077 1613 nunc
1108 1559 1407 1629 scriptorum
1435 1557 1590 1611 medii
1618 1561 1724 1612 aevi
1754 1556 2080 1618 barbarorum

185 1631 464 1699 synonyma.

337 1777 648 1844 Garcanem,
685 1783 845 1854 inquit
882 1776 1132 1836 Albertus
1163 1783 1340 1834 XXIV.
1376 1797 1424 1851 p.
1447 1797 1567 1846 243.
1596 1779 1671 1843 a.*‚'
1711 1779 1888 1835 animal
1910 1780 2081 1836 dicunt

185 1853 382 1907 fluviale
401 1892 417 1917 ,
458 1858 598 1923 cujus
626 1854 810 1910 femina
838 1855 1129 1924 vagabunde
1155 1855 1428 1908 discurrens
1469 1874 1561 1908 nec
1592 1855 1869 1910 sollicitatur
1890 1856 1971 1908 sed
1993 1875 2082 1910 ne·-

188 1927 325 1997 gligit
346 1944 554 1998 partum.
669 1933 779 1984 Mas
800 1944 968 1983 autem
991 1932 1078 1983 stat
1108 1933 1235 1982 circa
1261 1948 1349 1983 eos
1386 1949 1512 2002 quos
1534 1928 1715 1984 femina
1735 1931 1979 1999 neglexit,
2030 1944 2082 1984 et

187 2002 417 2056 aedificat
439 2007 589 2062 etiam
619 2007 670 2057 in
701 2022 823 2072 gyro
846 2009 972 2058 circa
1002 2023 1090 2057 eos
1119 2003 1287 2070 lignis,
1334 2022 1397 2056 ne
1423 2018 1585 2073 pateat
1616 2009 1828 2058 inimicis
1866 2003 2080 2076 piscibus

186 2076 427 2138 acceffu83
471 2092 519 2131 et
557 2092 676 2130 tunc
706 2077 973 2149 aliquando
1003 2093 1136 2132 extra
1167 2096 1345 2149 aquam
1372 2077 1608 2131 vociferat
1638 2077 1854 2141 fortiter,
1899 2093 1952 2131 ut
1993 2079 2079 2132 ad-

186 2152 420 2208 versantia
443 2165 715 2205 terreantur
740 2151 822 2205 fibi
844 2152 1093 2205 animalia:
1153 2167 1201 2205 et
1227 2152 1290 2205 fic
1320 2156 1369 2205 in
1400 2151 1481 2205 tali
1513 2153 1839 2206 sollicitudine
1867 2153 1993 2205 cadit
2024 2157 2076 2208 in

171 2229 304 2294 ‚retia
331 2224 440 2278 zelo
461 2224 799 2279 defendendae
826 2227 977 2296 prolis
1001 2246 1102 2279 non
1134 2240 1235 2278 tam
1268 2225 1553 2280 fortitudine
1581 2246 1730 2298 quam
1758 2226 2076 2281 animositate.

186 2300 337 2354 Vides
373 2319 522 2371 quam
549 2299 752 2352 ridicule
777 2306 986 2354 narratio
1010 2297 1335 2369 Aristotelica
1366 2300 1618 2370 deturpata
1648 2300 1804 2355 fuerit.
1918 2302 2072 2371 Apud

193 2371 253 2428 V
253 2371 520 2433 iacentium
549 2372 669 2426 nihil
703 2375 947 2440 ejusmodi
979 2378 1187 2443 reperio.
1299 2374 1437 2426 Idem
1471 2371 1720 2429 Albertzis
1754 2374 1884 2429 solus
1926 2375 2074 2429 habet

186 2449 435 2520 sequentia
461 2453 634 2502 XXIV.
655 2467 698 2518 p.
726 2466 844 2511 244.
869 2448 915 2500 b.
1010 2447 1200 2502 Sumus
1235 2450 1302 2500 est
1326 2449 1465 2519 piscis
1496 2454 1627 2503 miro
1654 2450 1810 2504 modo
1838 2449 2072 2504 sollicitus

186 2526 313 2576 circa
336 2520 579 2575 sobolem:
619 2519 800 2574 femina
823 2527 1026 2575 enimin
1046 2523 1212 2576 triduo
1233 2527 1521 2576 ovationem
1543 2524 1826 2595 complente
1846 2544 1950 2578 mas
1973 2543 2071 2579 ova

192 2616 274 2655 50·
297 2594 472 2648 diebus
497 2596 735 2658 custodit,
771 2610 819 2648 et
839 2616 993 2650 omne
1023 2596 1228 2659 animal,
1271 2597 1408 2667 quod
1434 2602 1895 2671 appropinquaverit
1921 2618 2072 2671 quae-

187 2676 250 2724 rit
280 2673 519 2739 superare.
633 2666 821 2724 Smmts
852 2690 1040 2724 nomen
1066 2670 1193 2724 siluri
1229 2673 1295 2723 est
1336 2670 1677 2737 Slavonicum,
1729 2688 1782 2726 ut
1814 2671 1944 2726 reete
1974 2676 2073 2739 jam

186 2746 312 2801 olim
332 2745 591 2813 suspicatus
619 2758 721 2797 crat
746 2742 899 2798 Com.
927 2742 1120 2816 Gefiier
1151 2743 1364 2816 Aquatil.
1394 2764 1440 2815 p.
1471 2765 1564 2811 104
1578 2759 1621 2806 8.
1732 2747 1907 2818 Populi
1938 2752 2073 2802 enim

185 2818 584 2891 septentrionales
614 2815 735 2872 Som
777 2818 1017 2889 appellant
1045 2818 1287 2881 Silurum,
1343 2819 1481 2890 quod
1512 2840 1702 2875 nomen
1736 2821 1987 2891 hodieque
2018 2825 2070 2874 in

186 2892 435 2951 Carinthia
479 2892 700 2954 obtinet,
754 2895 874 2946 teste
934 2890 994 2947 V
992 2890 1211 2966 alvaffor
1247 2898 1295 2946 in
1340 2893 1684 2964 Descriptione
1728 2896 2006 2951 Carinthiae
2038 2900 2070 2948 Ι.

181 2987 367 3041 p.452.
444 2971 578 3019 Hinc
600 2966 904 3021 Polonorum
929 2964 1108 3040 Semn,
1146 2968 1490 3020 Ruthenorum
1510 2966 1667 3022 Somi,
1725 2968 1920 3040 Reliqui
1942 2972 2073 3022 Ger-4

183 3048 377 3097 maniae
401 3041 570 3113 populi
592 3042 817 3094 dixerunt
845 3039 936 3097 W
934 3038 1059 3095 aller
1073 3079 1088 3104 ,
1131 3039 1363 3103 [Vellem
1406 3037 1500 3094 W
1496 3037 1562 3095 εἷς
1581 3056 1628 3094 et
1652 3039 1818 3097 [Vils.
1859 3041 1917 3095 cf.
1937 3040 2067 3097 Fri-

166 3116 308 3192 sclzii
328 3123 566 3174 Lexicon.
651 3115 960 3185 Singularem
988 3116 1202 3190 denique
1228 3110 1437 3170 Alberti
1465 3114 1856 3176 observationem
1886 3117 2069 3245 nidere

1233 3193 1284 3246 Y
1935 3194 2066 3250 'cean
