2571 3775
457 377 564 426 266
1244 377 1545 409 ····-···'=

444 520 572 567 cum
596 504 724 555 notis
743 498 1082 557 Bmffihesemii
1107 507 1156 556 in
1180 507 1452 572 Memoires
1485 505 1547 557 de
1578 499 1902 559 l'Academie
1938 506 2024 559 des
2047 505 2201 560 Belles
2232 509 2348 559 Let-

446 590 561 629 tres'
587 581 923 646 Tom.XXX.
959 593 1004 648 p.
1032 598 1146 642 503.
1165 581 1293 651 seqq.
1371 581 1472 650 Ipse
1493 579 1614 646 olim
1634 583 1954 649 Argentorati
1977 585 2026 633 in
2049 581 2347 634 bibliotheca

447 651 758 706 'Academica
775 652 1178 723 vidiexemplum
1202 672 1264 705 ex
1277 673 1429 722 opere
1454 655 1559 724 ipso
1576 659 1769 708 'Rornae
1782 657 2144 726 transieriptum
2156 669 2207 708 et
2226 659 2348 709 vivis

453 725 706 779 coloribus
727 725 938 795 picium3
981 725 1136 793 (conf.
1158 727 1217 778 ad
1240 731 1526 797 Oppianum
1557 744 1726 783 notam
1762 748 1867 800 pag.
1890 734 2034 796 372.)
2070 748 2243 798 verum
2272 729 2348 783 his

455 799 690 854 omnibus
712 799 951 869 exemplis
973 819 1148 869 parum
1176 801 1290 853 fidei
1313 801 1500 865 habeo,
1541 804 1679 876 quod
1704 803 1856 856 multa
1885 809 1934 856 in
1962 823 2025 858 eo
2057 823 2208 875 opere
2237 823 2349 856 mu-

454 888 547 943 tata
575 887 625 925 et
645 875 952 943 praepostere
976 874 1134 928 locata
1165 873 1361 928 fuerunt
1385 876 1587 940 eledira,
1625 879 1749 931 dum
1772 882 2026 945 egregium
2046 897 2349 933 monumen-

453 957 566 1002 tu'm
601 951 815 1015 Romam
859 947 1250 1002 transferendum
1279 950 1620 1004 eximebatur.
1734 953 2076 1007 Recentiffime
2122 954 2248 1006 edita
2283 953 2351 1006 est

453 1021 642 1092 pictura
662 1022 1006 1092 hippopotami
1028 1043 1089 1076 ex
1112 1043 1308 1092 gemma
1331 1025 1508 1078 caelata
1535 1026 1820 1079 transsumta
1844 1030 1892 1078 in
1910 1025 2221 1080 Collefflo'ne
2242 1032 2350 1080 Du-

455 1101 524 1149 cis
547 1096 909 1150 Aurelianensis
937 1103 1074 1150 Tcss.
1106 1099 1203 1151 tab.*
1222 1107 1305 1151 62.
1344 1119 1494 1171 quam
1516 1120 1577 1153 ex
1597 1119 1748 1170 opere
1767 1104 1971 1168 egregio
1993 1100 2348 1172 transscriptam

454 1170 700 1224 beneficio
723 1171 910 1225 illustris
934 1170 1127 1245 Hetstzii
1158 1173 1327 1226 madius
1356 1173 1618 1228 lecslo-ribus
1639 1172 1719 1228 hie
1742 1174 1809 1228 ob
1830 1175 2006 1228 oculos
2032 1193 2204 1245 pono,
2235 1175 2349 1228 Edi-

374 1279 378 1283 ·
455 1260 535 1299 tor
559 1245 731 1299 Gallus
752 1247 973 1308 adiunxit
995 1247 1196 1300 brevem
1220 1243 1556 1303 Daubewtoni
1574 1249 1954 1302 dissertationem
1969 1287 1983 1312 ,
2019 1248 2102 1302 ubi
2117 1253 2349 1320 inprimis

455 1335 681 1374 veterum
703 1319 963 1391 aniPtorum
983 1327 1236 1376 notitiaea
1258 1323 1614 1376 recentioribus
1634 1324 1850 1376 diversae
1873 1339 2179 1380 annotantur.
2252 1330 2350 1378 Ve-

455 1414 568 1447 rum
600 1394 683 1447 etfi
710 1400 781 1448 vir
802 1395 974 1449 docies
997 1397 1167 1450 locum
1190 1394 1407 1450 Achillis
1439 1394 1580 1451 Tatii
1610 1403 1884 1460 annotavit,
1910 1398 2057 1451 credie
2089 1413 2254 1451 tamen
2285 1417 2350 1452 eo

457 1488 562 1522 non
592 1470 702 1522 usus
727 1473 819 1532 est,
840 1485 965 1539 vvnon
986 1475 1143 1539 nia-gis
1170 1490 1321 1543 quam
1340 1468 1653 1525 Bochai-tus.
1730 1475 1935 1543 Optime
1957 1487 2122 1525 tamen
2155 1486 2350 1535 monet,

458 1559 735 1596 accuratam
755 1547 1099 1615 hippopotami
1122 1551 1345 1599 notitiam
1374 1550 1470 1617 peti
1502 1546 1685 1608 debere
1718 1566 1780 1600 ex
1809 1547 2008 1620 reliquis
2042 1565 2168 1618 quae
2197 1546 2348 1601 habe-

455 1637 568 1671 mus
594 1622 903 1689 Aegyptiacis
926 1626 1291 1684 monumentis,
1330 1639 1390 1673 ex
1415 1621 1594 1693 quibus
1616 1621 1776 1674 laudat
1795 1640 1926 1691 opus
1947 1621 2188 1691 musivum
2203 1626 2352 1675 Prae-

456 1695 727 1754 nestinum,
769 1693 902 1746 Bafin
923 1696 1021 1748 Nili
1043 1701 1291 1758 Vaticani,
1329 1715 1455 1767 opus
1479 1695 1738 1764 figulinum
1764 1696 2090 1767 anaglyphum
2119 1701 2168 1749 in
2190 1694 2349 1750 Gorii

455 1767 853 1836 Inscriptionibus
873 1771 1080 1822 Etruscis
1112 1776 1226 1823 T.1.
1257 1769 1352 1822 tab.
1384 1767 1460 1835 19.
1552 1773 1779 1822 Mnieum
1807 1770 2145 1840 Capitolinum
2168 1775 2238 1822 ΠΙ.
2262 1788 2349 1835 90.

458 1844 655 1894 Numos
680 1841 903 1913 Claudii,
934 1843 1210 1905 Otaciliae,
1250 1848 1562 1895 Mammaeae
1595 1859 1643 1896 et
1665 1844 1927 1906 Hadriani,
1956 1845 2168 1917 denique
2189 1844 2349 1897 Pictu-

456 1933 533 1967 ras
554 1916 938 1970 Herculanenfes
972 1921 1037 1969 T.
1053 1923 1085 1969 Ι.
1118 1937 1165 1987 p.
1192 1925 1310 1979 263,
1385 1922 1590 1969 Miratur
1610 1918 2026 1988 hippopotamum
2058 1923 2106 1971 in
2135 1918 2229 1971 bafi
2250 1919 2348 1973 Nili

458 1992 677 2041 Vaticani
701 1995 872 2057 (etiam
896 1995 944 2042 in
965 2010 1163 2058 gemma
1177 1990 1352 2044 caelata
1377 1991 1514 2044 ducis
1527 1991 1913 2057 Aurelianensis)
1935 1991 2152 2046 efficium
2173 2013 2351 2048 croco-

458 2062 614 2135 dilum
643 2065 898 2118 mordicus
931 2065 1224 2135 prehensum
1256 2080 1450 2127 tenere,
1503 2085 1618 2118 cum
1647 2066 1826 2120 animal
1856 2065 2162 2135 srugivorum
2193 2087 2228 2122 a
2245 2068 2351 2138 ple-

457 2141 624 2208 risque
652 2139 878 2192 tradatur.
981 2147 1167 2193 Verum
1190 2136 1505 2210 Zerewglzzts
1530 2144 1595 2202 is,
1635 2159 1786 2212 quem
1816 2142 1948 2212 supra
1971 2140 2180 2204 laudavi,
2207 2144 2348 2196 tradit

458 2216 633 2274 etiam,
669 2213 752 2266 sed
776 2232 838 2266 ex
866 2213 1017 2266 aliena
1048 2214 1314 2276 relatione,
1361 2215 1778 2285 hippopotamum
1812 2235 1909 2269 non
1941 2215 2101 2269 solum
2127 2218 2250 2279 sata,
2300 2231 2348 2271 et

458 2305 658 2352 oryzam
681 2287 896 2357 depasci,
932 2289 1010 2341 sed
1034 2288 1240 2358 piscibus
1264 2292 1440 2350 etiam,
1472 2308 1644 2351 carne,
1683 2289 1998 2342 cadaveribus
2018 2289 2259 2354 vidlitare,
2299 2305 2347 2345 et
2391 2308 2394 2309 ’

459 2361 670 2432 denique
704 2362 985 2415 crocodilos
1006 2367 1153 2415 etiam
1169 2364 1433 2424 devorare,
1472 2362 1552 2416 etfi
1574 2364 1795 2416 dentium
1818 2362 2031 2417 formam
2054 2379 2100 2417 et
2124 2377 2347 2419 naturam

458 2438 612 2502 magis
648 2436 709 2487 ad
734 2440 1054 2489 animantium
1077 2437 1511 2506 depraedationem
1534 2457 1682 2509 quam
1708 2436 1895 2491 vidium
1918 2438 2243 2506 vegetabilem
2277 2438 2347 2493 fa-

400 2546 406 2553 ψ.
458 2506 587 2560 diam
610 2524 657 2560 et
676 2524 836 2579 aptam
858 2510 949 2563 effe
973 2525 1123 2580 putat.
1200 2514 1382 2564 Contra
1407 2510 1480 2564 Cl.
1506 2509 1832 2583 Sparrmn‘wn
1860 2517 1908 2565 in
1939 2518 2187 2582 Itinerario
2213 2513 2348 2567 Afri-

455 2600 585 2636 cano
617 2602 660 2653 p.
690 2591 807 2645 565.
838 2600 885 2637 et
911 2603 955 2655 p.
986 2592 1101 2643 568.
1129 2584 1240 2638 solis
1264 2585 1426 2638 herbis
1448 2584 1664 2653 vic‘litare
1697 2587 1878 2650 asserit,
1912 2606 2121 2660 eamque
2151 2590 2345 2658 opinio-

457 2675 573 2709 nem
602 2659 898 2712 confirmare
920 2660 1112 2712 videtur
1132 2658 1363 2713 strudiura
1383 2658 1668 2729 ventriculi,
1705 2675 1855 2733 quem
1877 2661 2247 2735 quadruplicem
2266 2680 2343 2717 re-

454 2735 584 2800 perit
603 2728 1006 2803 Sparrmmmus.

602 2880 698 2934 Sed
731 2894 989 2953 antequam
1019 2881 1083 2935 de
1110 2880 1311 2952 pic‘iuris
1342 2884 1536 2936 vetustis
1567 2883 1869 2949 judicemuS,
1916 2886 2344 2953 operaepretium

455 2957 547 3006 erit
578 2959 728 3008 varias
750 2960 971 3008 virorum
993 2956 1259 3011 dodiorum
1283 2960 1478 3009 notitias
1508 2976 1622 3009 cum
1651 2959 1942 3026 scriptorum
1965 2973 2187 3010 veterum
2219 2958 2340 3012 locis

457 3045 756 3098 comparare.
788 3027 1052 3084 Brllowius
1073 3036 1218 3099 igitur
1236 3025 1428 3083 inlibro
1450 3031 1862 3084 Observationum
1884 3031 2059 3099 gallico
2080 3030 2202 3085 folio
2230 3051 2339 3094 ³03·

454 3102 622 3166 verso,
659 3104 1021 3175 hippopotamo
1039 3105 1134 3169 illi,
1173 3124 1325 3179 quem
1348 3104 1777 3176 Constantinopoli
1801 3124 1862 3161 ex
1884 3108 2116 3178 Aegypto
2140 3105 2338 3233 allatgm

2198 3200 2245 3233 v1
2284 3198 2335 3234 e-
