2571 3775
324 297 428 386 ‘3¹2
1135 321 1452 365 ---·-1·

319 451 470 518 longe
493 446 595 502 aliis
626 445 930 514 argumentis
954 444 1289 497 convincatur.
1363 439 1560 496 Scilicet
1581 444 1628 496 in
1651 439 2264 506 oculolbiamaenostra'e,

320 526 444 577 dum
474 521 777 575 choroideae
806 533 1027 572 naturam
1051 521 1231 579 rimor,
1279 516 1427 571 video
1459 532 1742 586 argenteam
1769 516 2112 570 membranam
2139 516 2265 572 locis

319 597 619 672 quibusdam
638 593 926 649 scleroticae
946 593 1246 646 tenaciffime
1261 591 1555 653 adhaerere3
1588 594 1849 664 postquam
1880 595 2027 661 igitur
2049 591 2265 645 scleroti-

322 693 434 727 cam
454 673 804 741 separaveram‚
833 666 894 720 ab
914 681 1126 737 utroque
1147 669 1252 718 eius
1274 664 1422 721 latere
1443 671 1599 739 reperi
1619 683 1811 736 partem
1830 684 2067 721 corneam
2088 666 2265 720 duram

319 747 535 801 univerla
554 743 734 798 fabrica
753 743 1017 814 squammis
1039 739 1238 810 reliquis
1260 737 1484 803 similem,
1515 742 1597 795 sed
1621 744 2007 803 convexiorem3
2045 744 2099 794 in
2124 744 2266 795 cuius

320 825 552 876 interiore
578 817 701 870 facie
730 833 946 870 concava
973 815 1034 867 ad
1064 812 1193 867 bafin
1214 813 1315 865 vidi
1337 815 1527 870 canales
1551 815 1736 870 multos
1763 818 1904 868 vario
1925 816 2101 869 ordine
2123 829 2172 869 et
2191 815 2265 869 di-

320 896 450 950 versa
469 895 586 947 serie
606 891 900 962 exsculptos,
946 886 1126 962 quibus
1149 885 1479 943 infinuabat'se
1498 887 1787 944 membrana
1810 905 2052 958 argentea.
2125 894 2265 944 Haec

319 984 423 1024 erat
455 969 594 1022 causa
624 965 928 1022 adhaesionis
959 964 1276 1017 firmissimae.
1351 963 1485 1018 Nihil
1514 964 1665 1019 fimile
1699 964 1761 1017 de
1789 963 2039 1017 sclerotica
2061 966 2266 1034 piscium

322 1063 527 1105 eorum,
551 1060 692 1114 quos
725 1040 974 1101 dissecuit,
1009 1052 1466 1091 commemoratum
1497 1043 1690 1110 reperio
1717 1037 1778 1091 ab
1813 1042 2016 1107 egregio
2039 1035 2266 1092 Hallero,

320 1119 534 1172 Videant
554 1120 697 1185 igitur
726 1114 804 1168 alii
826 1133 882 1168 ea
907 1113 969 1165 de
985 1132 1068 1175 re3
1115 1130 1209 1165 nec
1230 1113 1328 1183 ipse
1351 1112 1600 1168 occafioni
1630 1114 1783 1167 deero
1794 1150 1809 1176 ,
1845 1131 1973 1185 quae
1992 1114 2086 1167 sese
2114 1130 2268 1182 porro

278 1188 283 1192 “
320 1193 445 1249 mihi
471 1190 704 1246 obtulerit
734 1187 1070 1259 complurium
1099 1187 1305 1257 piscium
1332 1187 1510 1247 oculos
1540 1188 1750 1242 rimandi
1776 1191 2014 1261 mucique
2046 1191 2265 1257 argentei

324 1282 547 1323 naturam
578 1279 628 1318 et
654 1267 903 1333 originem
934 1261 1210 1330 indagandi.

470 1345 525 1393 In
542 1338 696 1394 oculo
717 1339 875 1402 esocis
899 1336 1045 1399 lucii,
1095 1354 1268 1406 percae
1293 1333 1568 1398 fluviatilis,
1593 1339 1777 1406 cyprini
1801 1335 2262 1407 erythrophthalmi‚

320 1415 507 1470 bliccae
529 1451 544 1476 ,
588 1415 727 1475 Jesae
746 1427 800 1466 et
825 1410 994 1464 balleri
1023 1411 1234 1464 eandem
1265 1410 1408 1480 plane
1438 1411 1807 1482 squammarum
1840 1425 2063 1464 naturam
2091 1414 2265 1480 reperi.

320 1496 512 1544 Verum
530 1493 578 1541 in
600 1488 712 1557 gadi
734 1486 864 1541 lotae
890 1484 1044 1540 oculo
1075 1484 1266 1539 nullum
1283 1486 1653 1556 squammarum
1676 1487 1936 1554 vestigium
1962 1503 2172 1539 corneae
2193 1488 2267 1537 in-

320 1565 630 1618 tersertarum
657 1565 868 1632 reperire
888 1563 1047 1631 potui.
1122 1564 1175 1611 In
1196 1558 1372 1628 clupea
1394 1558 1529 1612 alece
1549 1560 1835 1631 squammae
1854 1559 2058 1612 eaedem
2078 1559 2267 1623 adfimt,

321 1654 469 1712 atque
492 1636 669 1692 oculus
690 1634 975 1689 membrana
995 1639 1046 1687 in
1070 1634 1240 1687 medio
1261 1633 1429 1687 diffissa
1449 1632 1582 1686 velut
1602 1638 1653 1686 in
1678 1633 1928 1688 Scombris
1949 1633 2177 1700 velatur.)

471 1711 770 1766 Anarrichas
791 1713 935 1763 Linn.
957 1709 1139 1764 eodem
1162 1708 1321 1762 modo
1344 1723 1399 1761 ut
1417 1708 1627 1776 anguilla
1652 1710 1931 1780 squammas
1952 1709 2032 1761 sed
2054 1710 2267 1774 majores

322 1786 539 1841 cuticula
569 1784 811 1840 obdufias
844 1783 1015 1845 habet3
1078 1787 1199 1836 item
1227 1782 1457 1835 blennius
1487 1786 1745 1852 viviparus.
1844 1783 2050 1852 Ophidii
2082 1781 2269 1836 barbati

323 1864 609 1933 squammae
627 1860 900 1913 tenuiffima
925 1856 1212 1910 membrana
1234 1855 1479 1909 obductae
1502 1853 1737 1908 facillime
1757 1855 2083 1909 decutiuntur.
2159 1862 2269 1910 Ho-

323 1955 437 1989 rum
457 1935 664 2005 piscium
680 1937 909 1987 omn-ium
931 1933 1211 2002 squammae
1225 1933 1293 1982 uti
1307 1933 1359 1982 in
1380 1929 1592 1982 cuticula
1604 1930 1832 1983 conditae
1846 1929 2009 1992 latent,
2034 1933 2099 1983 ita
2118 1935 2268 1984 etiam

323 2008 582 2064 intervallis
603 2010 843 2078 separatae
865 2021 914 2061 et
938 2003 1188 2058 distintsiae
1207 2005 1326 2057 sunt.
1402 2008 1569 2058 Vitam
1598 2008 1733 2057 enim
1766 2008 1900 2057 iuxta
1931 2004 2067 2059 litora
2092 2009 2142 2057 in
2162 2023 2267 2058 are-

323 2089 397 2138 nis
419 2083 587 2137 lutove
606 2082 901 2154 plerumque
922 2080 1122 2148 degunt.
1197 2083 1340 2131 Hanc
1367 2078 1435 2133 ob
1456 2079 1648 2131 causam
1674 2076 1900 2133 foramen
1920 2078 2267 2133 branchiarum

321 2178 531 2229 parvum
554 2157 832 2211 admodum
856 2157 951 2218 est,
988 2169 1134 2226 atque
1157 2153 1291 2207 oculi
1317 2169 1429 2206 cute
1452 2151 1678 2223 corporis
1701 2158 1990 2216 communi,
2029 2154 2108 2207 sed
2130 2173 2192 2208 eo
2215 2158 2265 2207 in

322 2234 439 2288 loco
473 2231 714 2303 pellucida
741 2229 929 2285 obtec‘ii
961 2230 1094 2290 sunt,
1134 2248 1196 2281 ne
1217 2227 1374 2281 lutum
1395 2243 1476 2281 aut
1498 2246 1673 2281 arenae
1696 2227 1980 2291 branchias,
2012 2227 2190 2282 oculos
2217 2243 2266 2282 et

322 2309 688 2381 squammarum
719 2307 963 2359 interstitia
987 2303 1305 2356 subintrantes
1326 2315 1577 2356 nocerent.

470 2386 526 2434 In
546 2379 776 2434 scombro
810 2381 1114 2432 Americano
1136 2395 1160 2430 a
1183 2374 1238 2431 B
1241 2375 1444 2430 rozmzio
1471 2376 1717 2446 descripto
1738 2393 1916 2445 corpus
1938 2371 2266 2430 laeviffimum

322 2468 470 2525 atque
500 2469 790 2522 argenteum
819 2465 1040 2524 apparet,
1077 2455 1201 2504 cutis
1232 2469 1351 2505 vero
1381 2449 1482 2504 fere
1514 2453 1735 2504 coriacea
1762 2452 1843 2504 est.
1920 2452 2052 2501 Huic
2084 2452 2265 2504 infixae

328 2528 527 2583 haerent
545 2530 831 2601 squammae
849 2527 1101 2595 oblongae
1122 2540 1267 2598 atque
1283 2541 1452 2579 acutae
1467 2529 1605 2596 parte
1613 2529 1856 2579 anteriore
1868 2524 1948 2577 seu
1959 2522 2070 2586 basi,
2090 2524 2268 2579 mediis

324 2601 442 2656 valis
464 2607 767 2666 tenerrimis,
803 2617 951 2674 atque
974 2601 1276 2672 epidermide
1299 2617 1526 2669 argentea
1549 2598 1864 2667 obteguntur.
1906 2599 2129 2669 (Operae
2153 2599 2267 2653 effet

324 2681 536 2747 pretium
558 2678 823 2731 cuticulam
840 2677 967 2730 hanc
988 2689 1270 2743 argenteam
1290 2679 1563 2728 accuratius
1585 2674 1834 2743 inspicere„
1854 2687 1999 2745 atque
2017 2676 2267 2740 originem

326 2750 594 2821 splendoris
614 2755 912 2820 investigare.
989 2755 1126 2803 Num
1149 2747 1338 2803 fortasse
1362 2749 1474 2803 fitus
1501 2747 1754 2819 pelliculae
1777 2761 2034 2815 argenteae
2057 2746 2137 2798 hic
2157 2764 2267 2816 per-

260 2833 267 2837 ’
325 2839 541 2879 mutatus
561 2828 645 2889 est⁷
670 2841 816 2899 atque
835 2845 897 2883 ex
918 2823 1148 2878 inferiore
1168 2824 1423 2893 superficie
1446 2824 1506 2876 ad
1530 2824 1831 2893 superiorem
1850 2818 2139 2874 translatus?
2181 2823 2266 2874 An

329 2899 593 2973 utrobique
622 2900 844 2971 pellicula
882 2914 1109 2968 argentea
1143 2896 1303 2951 adest?
1344 2898 1587 2969 Equidem
1612 2900 1661 2948 in
1684 2895 1858 2948 lacerta
1879 2895 2043 2948 scinco
2067 2896 2266 2967 squam-

328 2992 433 3027 mas
451 2973 655 3042 lingulas
676 2975 896 3046 pellicula
924 2987 1151 3042 argentea
1175 2972 1397 3038 ejusdem
1416 2972 1558 3041 plane
1582 2969 1798 3031 formae,
1836 2968 1968 3040 quafi
1985 2970 2264 3023 secundaria

328 3046 486 3118 aliqua
519 3050 768 3120 squamma
799 3047 1039 3104 obducias
1069 3050 1256 3119 reperi,
1319 3046 1499 3119 quibus
1528 3042 1752 3098 detractis
1781 3043 2008 3115 splendor
2036 3043 2267 3099 colorum

328 3139 414 3177 oni
422 3124 494 3175 nis
512 3121 653 3194 plane
671 3127 829 3194 periit.

2214 3193 2270 3244 In
