2571 3775
484 464 623 517 enim
643 457 975 526 veloeiffimus
1006 455 1294 515 animalium
1325 457 1420 511 effe
1448 457 1666 519 creditur
1695 471 1744 512 et
1774 459 2076 512 terrestrium
2105 470 2155 512 et
2181 462 2370 532 aquati-

467 555 677 593 corum.
729 532 1042 605 Superfiliunt
1064 537 1212 586 etiam
1231 536 1432 594 navium
1456 533 1614 587 malos
1631 571 1646 596 ,
1677 538 1728 586 in
1749 538 1914 604 primis
1940 553 2056 587 cum
2081 534 2265 605 piscem
2286 533 2371 593 ali-2

485 630 637 684 quem
659 608 967 663 insectantur.
1063 608 1363 667 Tumadeo
1393 605 1522 661 fame
1553 607 1714 663 coaffli
1737 612 1785 661 in
1810 607 2025 662 fundum
2051 613 2199 662 maris
2226 626 2368 678 prae-

486 688 603 740 dam
633 685 1013 756 persequuntur3
1039 721 1041 724 ψ
1065 681 1149 754 *ubi
1193 682 1531 736 cuni'diutius
1563 687 1747 737 morari
1775 684 1965 738 neeefl‘e
1999 686 2094 747 est,
2149 684 2370 754 spiritum

486 765 698 815 retinent
718 757 848 829 quafi
873 757 932 813 ad
952 760 1189 827 temporis
1214 757 1492 809 mensuram
1513 757 1862 828 dispensatum,
1904 759 2080 812 deinde
2109 762 2367 812 incurvato

486 852 698 906 corpore
724 834 770 885 se
809 830 940 904 quafi
974 845 1361 903 contorquente-s
1397 830 1549 884 veluti
1579 833 1742 902 Iagitta
1790 834 2062 886 efferuntur
2089 834 2272 886 sursum
2303 832 2367 889 ad

486 927 652 964 aerem
672 923 726 960 ut
747 906 991 960 celeritate
1012 905 1216 976 spatium
1238 904 1542 960 contrahant.
1620 912 1743 976 Qo
1764 905 1956 977 impetu
1975 909 2056 970 fit,
2093 922 2148 961 ut
2175 907 2208 961 fi
2239 905 2370 961 forte

486 987 622 1038 navis
644 981 803 1055 aliqua
823 984 956 1048 juxta
980 982 1160 1034 steterit
1170 1017 1185 1042 ‚
1226 979 1385 1035 malos
1405 982 1716 1047 transjiciant.
1800 986 1964 1035 Mares
1998 1001 2118 1035 cum
2137 980 2370 1036 foeminis

483 1078 572 1130 per
596 1059 824 1125 conjugia
845 1057 1045 1123 degunt.
1128 1053 1354 1108 Dubium
1370 1056 1454 1108 -est
1472 1055 1812 1127 ‘quamobrem
1838 1060 1888 1109 in
1910 1071 2090 1110 terram
2119 1056 2370 1116 interdum

485 1138 845 1204 impingantur,
882 1132 1021 1195 cujus
1043 1132 1114 1182 rei
1136 1129 1452 1182 nullaadhue
1476 1131 1615 1183 causa
1637 1146 1752 1185 nota
1774 1133 1862 1184 est.v
1924 1136 2062 1184 Haec
2082 1135 2228 1199 igitur
2238 1127 2372 1190 Ari-

482 1203 710 1277 stoteles!
752 1210 899 1259 Nunc
917 1204 1131 1257 breviter
1152 1208 1300 1259 etiam
1320 1203 1567 1259 versiones
1591 1219 1781 1260 veteres
1808 1206 2146 1276 inspiciamus,
2179 1224 2242 1258 ex
2266 1209 2372 1277 qui-

486 1282 580 1337 bus
601 1287 650 1336 in
675 1280 826 1334 medii
847 1283 955 1333 aevi
974 1281 1225 1352 nostrique
1255 1279 1382 1333 adeo
1401 1278 1552 1334 libros
1585 1279 1727 1334 multi
1754 1299 1947 1335 errores
1977 1280 2179 1334 derivati
2214 1282 2372 1334 fluxe-

480 1372 613 1412 runt.
652 1360 809 1408 Situm
834 1358 983 1423 igitur
1004 1353 1190 1407 fistulae
1210 1355 1290 1408 seu
1313 1372 1496 1408 cannae
1515 1358 1565 1408 in
1589 1359 1821 1410 anteriori
1842 1355 2030 1409 cerebri
2049 1369 2186 1427 parte
2210 1354 2370 1409 collo-

487 1446 565 1485 cat
583 1429 737 1485 versio
759 1429 889 1499 apud
915 1426 976 1484 V
972 1425 1243 1482 immitium
1264 1433 1413 1482 XVIL·
1433 1447 1475 1481 c.
1497 1448 1514 1481 1
1534 1450 1576 1488 1,
1612 1434 1809 1485 Locum
1831 1449 1894 1484 ex
1914 1429 2042 1483 libro
2068 1430 2130 1482 de
2149 1429 2371 1486 Partibus

486 1512 568 1561 lv.
603 1525 683 1568 13.
730 1504 793 1557 de
819 1501 982 1558 'forma
1014 1504 1153 1557 rostri
1184 1508 1248 1557 ita
1270 1507 1648 1574 interpretatur:
1719 1512 1767 1558 et
1792 1501 1945 1560 hahet
1972 1501 2373 1558 additamentum

484 1589 634 1636 tenue
654 1575 949 1641 rotundum,
965 1585 1189 1650 propter
1207 1575 1299 1632 lzoc
1313 1595 1411 1631 non
1421 1577 1594 1650 potest
1617 1576 1702 1652 effi
1722 1574 1877 1634 bonae
1899 1574 2216 1652 ahfiffon-i5‚
2256 1578 2372 1632 ibid,

485 1660 596 1726 cap.
619 1673 651 1720 9
673 1668 721 1707 et
748 1672 864 1719 109.
941 1651 1240 1707 Mammillas
1273 1651 1456 1706 habere
1488 1653 1667 1706 dicitur
1687 1652 1950 1725 delphinus
1986 1673 2089 1708 non
2119 1655 2257 1724 supra
2291 1652 2373 1706 sed

488 1747 648 1801 prope
670 1726 944 1795 junctura&
981 1722 1193 1803 (ἄρθρα
1216 1726 1345 1780 male
1364 1727 1553 1793 reddit)
1586 1746 1680 1781 nec
1701 1747 1860 1783 conos
1881 1731 1939 1796 (i.
1959 1747 2000 1781 e.
2018 1727 2246 1798 papillas)
2268 1745 2373 1780 ma-

490 1803 714 1866 nifest08‚
753 1802 836 1856 secl
860 1802 966 1856 duo
984 1800 1227 1872 profunda
1251 1798 1499 1855 canalibus
1516 1802 1797 1866 assimilata,
1837 1802 2014 1876 quibus
2036 1801 2178 1856 laetat
2194 1800 2373 1856 foetus.

484 1879 612 1933 ibid.
629 1897 739 1949 cap.
768 1896 887 1943 109.
963 1874 1160 1930 Auctor
1181 1876 1244 1931 de
1265 1890 1434 1928 natura
1455 1894 1619 1929 rerum
1639 1876 1826 1930 ibidem
1840 1884 1994 1947 »capssr
2016 1897 2031 1928 ι
2045 1895 2093 1929 ο.
2131 1896 2225 1946 pro
2243 1893 2374 1931 voce

487 1957 706 2023 gemitus
740 1955 807 2005 est
836 1950 1179 2005 illis-humano
1206 1949 1370 2004 similis
1409 1963 1460 2003 et
1492 1969 1674 2005 eorum
1705 1950 1867 2018 lingua
1903 1970 2005 2005 non
2041 1953 2109 2004 est
2135 1950 2372 2012 absoluta,

413 2025 426 2035 ⁸
491 2046 586 2082 nec
604 2046 782 2081 eorum
804 2025 928 2079 labia
952 2029 1250 2096 proveni-unt
1268 2023 1346 2078 vel
1367 2029 1651 2096 prominent
1666 2026 1732 2078 >ad
1751 2025 2151 2095 distinguendam
2172 2043 2373 2080 vocem.

488 2105 656 2157 Aures
679 2121 783 2156 non
802 2099 984 2153 habent
1004 2100 1086 2154 sed
1106 2103 1301 2154 aurium
1320 2097 1438 2153 loco
1467 2098 1692 2153 foramen
1714 2130 1785 2140 —-
1815 2104 1986 2154 vivunt
2015 2102 2168 2173 usque
2200 2101 2261 2154 ad
2284 2119 2374 2153 an-

492 2197 585 2232 nos
615 2195 729 2242 140.
806 2179 1035 2248 Denique
1056 2189 1198 2228 vetus
1223 2173 1380 2228 verfio
1405 2173 1591 2227 ibidem
1616 2193 1718 2245 cap.
1750 2194 1767 2226 1
1787 2195 1804 2226 1
1827 2195 1866 2227 ι.
1904 2191 2109 2229 mortuo
2132 2175 2372 2245 delphino

488 2255 672 2305 rcaeteri
697 2263 1005 2304 concurrunt
1024 2250 1280 2320 ipsumque
1309 2248 1668 2302 circumdantes
1699 2253 1750 2301 in
1771 2246 2016 2318 profunda
2048 2249 2277 2303 deferunt
2301 2264 2372 2302 at-

488 2345 591 2398 que
623 2324 886 2395 sepeliunt,
927 2342 990 2376 ne
1017 2341 1040 2378 a
1066 2322 1282 2393 piscibus·
1302 2322 1608 2375 comeda-tur.
1693 2323 1964 2376 Videamus
1995 2343 2129 2376 nunc
2157 2341 2214 2376 ea
2247 2341 2374 2395 quae

494 2397 705 2456 Plinius
729 2416 753 2450 a
773 2397 1070 2469 philosopho
1091 2394 1360 2457 transtulit3
1392 2414 1525 2449 -nam
1552 2414 1680 2468 quae
1702 2396 1904 2450 >aliunde
1942 2403 2112 2461 traxit,
2157 2398 2375 2465 judicare

495 2494 599 2529 non
616 2473 746 2526 licet.
822 2477 866 2524 Is
886 2476 1034 2540 igitur
1053 2477 1134 2524 IX.
1158 2489 1261 2541 cap.
1294 2482 1338 2529 8.
1377 2469 1462 2525 nifi
1489 2470 1728 2541 delphino
1758 2471 1975 2528 multum
2006 2471 2129 2527 infra
2159 2475 2372 2527 rostrum
2424 2523 2429 2526 .

490 2569 554 2604 ‘os
574 2546 726 2611 foret,
752 2546 922 2600 medio
942 2565 1096 2618 paene
1120 2549 1169 2598 in
1183 2558 1384 2607 ventre,
1410 2543 1578 2599 nullus·
1591 2545 1797 2617 piscium
1818 2546 2115 2601 celeritatem
2138 2551 2240 2614 ejus
2261 2566 2374 2604 eva-

497 2625 668 2677 deret..
765 2621 859 2674 Sed
888 2640 1083 2676 moram
1109 2621 1254 2673 affert
1282 2619 1587 2689 providentia
1617 2634 1845 2682 naturae;
1902 2626 2016 2693 quia
2046 2622 2131 2675 nifi
2160 2623 2374 2692 resupini

497 2714 644 2771 atque
678 2694 900 2755 converfi
930 2715 1032 2750 non
1066 2698 1361 2764 corripiunt:
1432 2711 1556 2766 quae
1586 2695 1723 2748 caula
1757 2699 2016 2767 praecipua
2057 2696 2371 2757 velocitatem

499 2791 676 2827 eorum
697 2770 918 2824 offendit.
993 2775 1127 2823 Nam·
1144 2788 1261 2821 cum
1279 2766 1408 2822 fame
1432 2771 1615 2822 conciti
1632 2767 1902 2838 fugientem
1922 2775 1972 2822 in
1992 2771 2116 2823 vada
2144 2774 2245 2824 ima
2263 2788 2376 2841 per-

499 2849 650 2901 secuti
666 2846 857 2916 piscem
879 2844 1063 2899 diutius
1080 2845 1298 2915 spiritum
1316 2846 1586 2906 retinuere,
1628 2858 1685 2896 ut-
1709 2863 1826 2896 arcu
1847 2846 2003 2898 emiffi
2018 2882 2032 2908 ‚
2062 2846 2124 2898 ad
2142 2847 2375 2916 respiran-

501 2923 622 2974 dum
663 2924 896 2973 emicant:
936 2934 1064 2974 tanta
1102 2938 1164 2972 ue
1197 2923 1249 2971 vi
1288 2916 1536 2980 exsiliunt,
1599 2932 1653 2970 ut
1688 2917 1983 2990 plerumque
2021 2919 2125 2974 vela
2171 2923 2374 2974 navium

500 2994 815 3049 transvolent.
890 2995 1040 3049 Vides
1059 2938 1290 3049 iglimum
1311 3010 1532 3045 errorem
1555 2993 1795 3046 inseruiffe
1818 2993 1978 3056 suum,
2001 3014 2118 3048 cum
2133 3014 2190 3049 os
2204 2994 2374 3048 medio

503 3087 658 3138 paene
677 3073 724 3121 in
745 3085 914 3125 ventre
933 3083 1169 3142 poneret,
1199 3087 1322 3148 cuni
1333 3065 1654 3137 philosophus
1676 3070 1725 3119 in
1743 3068 1909 3138 supina
1936 3084 2070 3139 parte
2095 3073 2264 3138 capitis
2283 3087 2376 3137 po„

502 3146 646 3199 litum
683 3143 868 3198 dixerit.
976 3147 1137 3212 Pergit
1175 3139 1410 3198 Plini-us:
1473 3144 1701 3199 nutriunt
1756 3141 1987 3198 uberibus
2022 3158 2173 3216 atque
2227 3146 2378 3197 etiam

2197 3218 2381 3286 gestant
