2571 3775
1048 325 1351 359 Ξι
2069 323 2106 372 6
2113 337 2143 385 ς,

264 448 454 512 Parios
471 437 1001 516 Hellespontioppido,
1038 436 1203 492 laudat
1221 437 1353 509 apud
1371 435 1676 495 Athenaeum
1697 448 1846 500 etiam
1856 442 2016 501 Arclzr
2059 464 2146 502 ra-

263 531 363 578 tus.
446 521 660 573 Ibericos
681 515 832 569 colias
853 510 1061 584 praefert
1081 510 1405 567 Xenocrates
1438 532 1539 585 cap.
1570 534 1651 577 34.

410 596 640 662 Denique
661 585 960 658 Aristoteles
992 586 1124 656 apud
1154 581 1470 642 Athenaeum
1500 593 1551 642 in
1582 588 1709 643 libro
1740 591 1932 660 perdito
1961 591 2144 653 bocem

262 673 316 722 in
335 667 480 720 dorso
504 664 642 716 lineis
662 660 880 732 picium,
919 675 1089 715 contra
1113 660 1295 714 coliam
1319 660 1532 734 obliquis
1554 663 1690 716 lineis
1719 663 1907 733 pictum
1934 667 2028 720 effe
2052 673 2144 731 ait5

261 742 343 795 ubi
361 758 478 791 cum
500 736 738 791 vocabula
759 730 1168 816 vwrciypxnroc,
1211 750 1262 788 et
1288 735 1469 817 deinde
1496 733 1919 816 σκολιόγραπτος
1948 747 2141 811 opponi

256 813 339 869 fibi
351 812 643 874 videantur,
683 831 786 865 non
807 816 967 879 inepta
998 813 1066 863 est
1091 805 1355 863 hermolaz
1378 810 1659 878 conjectura
1687 832 1779 883 pro
1807 813 1964 868 altero
1992 835 2141 870 voca-

257 885 374 940 bulo
387 884 483 955 legi
503 891 650 940 etiam
671 886 804 955 poffe
816 880 1219 964 κοιλόγραπτος,
1252 887 1316 936 ita
1337 899 1391 938 ut
1408 884 1564 939 lineae
1587 892 1766 941 ventris
1780 887 1916 943 lineis
1928 892 1978 942 in
1992 890 2140 946 dorso

253 976 581 1030 opponantur.
657 966 844 1013 Verum
869 964 1017 1013 etiam
1042 958 1232 1030 absque
1256 959 1605 1014 emendatione
1629 960 1721 1013 hac
1748 962 2056 1032 intelligitur,
2083 964 2138 1019 li-

252 1053 368 1088 neas
390 1038 439 1087 in
461 1034 588 1089 colia
609 1054 712 1088 non
737 1035 831 1088 effe
850 1052 937 1104 per
953 1032 1113 1086 solum
1133 1033 1362 1094 dorsum,
1400 1033 1482 1086 sed
1504 1052 1530 1086 a
1556 1035 1703 1089 dorso
1731 1040 1877 1090 etiam
1911 1057 1998 1108 per
2021 1058 2137 1093 ven-

252 1123 380 1162 trem
402 1109 608 1181 oblique
630 1107 814 1162 duftas.
877 1113 948 1161 Ex
976 1107 1075 1161 hoc
1099 1107 1282 1160 indicio
1308 1104 1635 1162 Rondeletius
1654 1110 1885 1176 judicavit
1907 1130 2025 1165 eum
2042 1114 2138 1168 effe

187 1242 199 1250 ζ
250 1184 433 1254 piscem
452 1203 481 1236 e
498 1185 798 1251 thynnorum
818 1200 1017 1251 genere,
1044 1199 1198 1254 quem
1220 1181 1534 1236 Maffilienses
1546 1180 1595 1237 C
1589 1181 1783 1254 oguiol,
1805 1185 1888 1238 seu
1903 1183 2138 1258 Cogniol,

249 1256 517 1328 appellant,
556 1262 740 1331 quique
768 1256 970 1311 aucffore
1001 1252 1234 1310 Bellonio
1270 1255 1542 1329 hodieque.
1563 1258 1696 1328 apud
1738 1259 1927 1314 incolas
1962 1261 2136 1316 insula-

251 1350 362 1385 tum
388 1351 674 1401 graecarum
691 1330 861 1386 Colios
882 1331 1030 1384 audit.
1143 1336 1293 1383 Hunc
1325 1334 1471 1398 igitur
1500 1330 1648 1387 lineas
1675 1332 1905 1406 obliquas
1935 1353 1961 1388 a
1986 1336 2136 1392 dorso

247 1404 418 1460 duftas
448 1406 651 1470 breves,
701 1406 893 1477 punCtis
924 1408 1072 1473 nigris
1104 1420 1320 1465 notataS,
1374 1404 1556 1459 habere
1590 1405 1922 1463 Rondeletius
1951 1414 2043 1473 ait,
2084 1426 2136 1466 et

247 1499 480 1548 magnam
501 1486 669 1551 capitis
689 1496 879 1550 partem
905 1479 1213 1550 pellucidam.
1290 1483 1434 1547 Qae
1456 1480 1519 1532 de
1541 1480 1664 1535 colia
1685 1499 1909 1536 veterum
1930 1485 2134 1556 disputat

246 1552 384 1609 Cetei
426 1560 480 1608 in
522 1556 715 1610 historia
763 1554 964 1608 naturali
1002 1554 1247 1606 Sardiniae
1286 1558 1358 1605 III.
1409 1573 1455 1625 p.
1500 1573 1616 1620 197.
1668 1550 1978 1611 incehiffima
2010 1561 2133 1614 sunt.

247 1633 420 1698 Quem
443 1630 622 1684 deinde
643 1630 722 1684 ille
742 1649 933 1684 novum
955 1628 1233 1691 thunnum,
1276 1647 1395 1680 cum
1420 1626 1617 1701 reliquis
1642 1635 1748 1701 capi
1769 1630 1991 1695 solitum,
2025 1653 2131 1688 me-

247 1719 409 1757 morat
429 1724 475 1775 p.
508 1726 523 1757 1
538 1725 622 1770 99.
659 1723 684 1758 a
706 1705 863 1758 Sardis
886 1700 1155 1774 Alalnga
1176 1700 1390 1765 distum,
1429 1703 1648 1757 eundem
1664 1703 1754 1759 [ju
1764 1702 2130 1762 HamelTraite

245 1778 332 1833 des
347 1778 531 1832 Peches
550 1784 704 1833 Partie
722 1784 774 1830 II.
808 1776 930 1832 Se&
946 1798 992 1839 7.
1024 1796 1070 1847 p.
1096 1795 1162 1828 20
1175 1796 1216 1828 e.
1253 1776 1338 1829 sub
1351 1781 1558 1831 nomine
1573 1775 1822 1851 Alilango
1836 1800 1952 1835 cum
1967 1780 2135 1838 Anci-

244 1860 357 1906 coto
378 1872 442 1907 ex
466 1853 648 1916 Sicilia,
691 1868 926 1925 tanquam
947 1857 1147 1920 ignotos
1172 1849 1255 1904 fibi
1276 1868 1655 1907 commemorat.
1731 1858 1934 1909 Nomen
1955 1857 2129 1913 Coliae

244 1927 376 1980 unde
397 1926 604 1981 ductum
627 1927 705 1991 fit,
740 1932 1026 1996 ignoramus
1046 1925 1211 1980 hodie.
1286 1929 1394 1979 Fuit
1425 1931 1524 1981 avis
1545 1946 1720 1996 graece
1752 1927 1905 1984 collos
1941 1930 2066 1985 ἀίᾶῑι
2098 1951 2133 1994 e>

242 2005 471 2072 picorum
484 2021 690 2071 genere3
731 2002 813 2055 sed
833 2001 866 2054 fi
886 1997 1068 2054 coloios
1084 1999 1322 2062 scribitur,
1337 2001 1660 2055 monedulam
1675 2002 1931 2071 fignificat3
1967 2008 2130 2076 potest

241 2080 391 2130 etiam
410 2095 434 2129 a
456 2075 595 2130 colos
616 2077 820 2139 deduci,
862 2075 998 2147 quod
1018 2074 1250 2127 mutilum
1275 2074 1530 2144 fignificat3
1571 2091 1618 2129 et
1641 2074 1766 2130 forte
1787 2078 2020 2133 audacior
2039 2081 2129 2134 ali-

243 2156 355 2221 quis
385 2171 447 2204 ex
476 2157 688 2205 variante
723 2149 933 2203 lec'tione
963 2153 1012 2201 in
1043 2146 1336 2216 Aristotelis
1371 2150 1562 2203 Codice
1590 2151 1825 2206 Mediceo
1855 2157 2128 2221 conjecerit

243 2224 458 2287 Coliam,
480 2225 742 2280 Collenam
765 2240 813 2277 et
832 2222 1097 2278 Collurum
1116 2221 1356 2276 Illarcelli
1377 2223 1566 2277 Sidetae
1588 2226 1805 2279 eundem
1828 2227 1922 2280 effe
1935 2230 2128 2298 piscem

240 2316 267 2354 a
291 2299 445 2353 cauda
464 2299 631 2352 mutila
652 2298 855 2352 diffi'tum.
930 2303 1119 2350 Verum
1138 2301 1247 2368 quis
1269 2297 1408 2350 fimus
1433 2298 1745 2367 etymologiis
1764 2302 2011 2357 confidat?

388 2374 590 2447 Reliqua
613 2375 718 2427 sunt
738 2371 888 2426 multa
910 2376 1112 2426 nomina
1132 2371 1192 2424 ad
1213 2371 1515 2438 thynnorum
1524 2390 1680 2441 genus
1701 2373 1967 2440 referenda,
1992 2395 2122 2451 quae

242 2466 358 2500 cum
377 2467 440 2502 ex
471 2450 936 2502 lalsamentariorum
964 2461 1014 2499 et
1042 2450 1339 2500 cetariorum
1372 2446 1584 2500 officinis
1618 2451 1668 2501 in
1696 2450 1864 2520 scripta
1895 2467 2118 2506 veterum

241 2527 519 2591 migrarint,
559 2539 607 2576 et
626 2522 838 2576 tenebris
860 2519 960 2574 fere
989 2525 1255 2574 cimmeriis
1278 2519 1556 2574 abscondita
1580 2521 1786 2585 lateant,
1825 2524 1947 2579 nolo
1979 2531 2029 2579 in
2059 2532 2127 2581 iis2

240 2598 544 2652 recensendis
566 2597 781 2650 chartam
801 2611 849 2649 et
868 2615 1071 2666 operam
1097 2595 1316 2666 perdere.
1355 2595 1488 2648 Nihil
1511 2599 1644 2650 enim
1664 2598 1779 2652 inde
1799 2598 1860 2651 ad
1879 2618 2118 2670 augmen-

239 2686 346 2726 tum
369 2673 592 2727 historiae
610 2671 835 2725 naturalis
859 2673 1014 2741 potest
1035 2669 1235 2723 traduci.

390 2753 620 2825 Σαῦρος,
666 2752 869 2808 SauruS,
909 2750 942 2800 i.
962 2764 1002 2798 e.
1030 2750 1258 2806 Lacerta,
1305 2736 1613 2820 Τροῖχερος,
1657 2745 1975 2811 Trachurus,
2018 2754 2046 2802 ι’.
2077 2769 2116 2803 e.

241 2821 448 2875 caudam
471 2827 687 2894 asperam
708 2840 894 2890 gerens.
970 2816 1255 2889 Aristoteles
1283 2822 1345 2869 H.
1369 2819 1432 2869 A.
1454 2823 1531 2870 IX.
1556 2836 1601 2870 2.
1639 2820 1785 2873 semel
1807 2826 1931 2875 inter
1945 2841 2117 2891 grega-

239 2895 346 2950 tiles
369 2916 486 2949 cum
507 2897 608 2951 aliis
629 2912 677 2950 et
701 2896 893 2964 thynnis
915 2893 1151 2951 scombris
1180 2909 1229 2947 et
1259 2892 1424 2951 coliis3
1483 2896 1544 2945 ita
1568 2908 1620 2945 ut
1642 2912 1704 2946 ex
1729 2895 1964 2950 hocloco
1994 2899 2115 2951 nihil

2170 2763 2210 2806 Ρ.
2236 2778 2302 2819 50.

2174 2822 2250 2875 No.
2262 2834 2299 2875 3.

241 2971 444 3024 definire
480 2971 630 3037 liceat.
741 2969 896 3025 Gaza
934 2969 1200 3030 lacertum,
1261 2982 1402 3020 vetus
1446 2966 1600 3020 verfio
1628 2966 1855 3021 lacertam
1896 2963 2117 3041 appellfl.
2190 3040 2197 3051 κ

236 3042 447 3099 Plinius
468 3051 662 3099 XXXII.
683 3065 723 3097 c.
756 3057 799 3104 8.
838 3046 960 3098 sauri
993 3044 1130 3108 piscis
1160 3045 1333 3096 marini
1358 3044 1574 3106 jocinere
1609 3044 1657 3094 in
1680 3043 1921 3097 medicina
1955 3051 2120 3101 utitur.

236 3123 302 3173 Ita
328 3124 459 3175 enim
482 3140 544 3177 ex
564 3120 725 3177 Codd.
747 3139 840 3193 pro
854 3109 1210 3190 vulga‘tofiari
1227 3116 1436 3186 reposuit
1463 3112 1786 3171 Harduihm.
1824 3118 1959 3173 Idem
1970 3140 2017 3247 1c,
2043 3141 2058 3172 1
2080 3141 2122 3176 r.

1284 3195 1304 3245 Ι
1988 3214 2119 3249 acer—
