2571 3775
329 359 440 406 280.
1150 365 1447 399 -ε

327 478 506 532 eadem
540 485 706 525 tamen
740 471 944 522 cavitate
979 467 1333 537 comprehensa
1358 504 1374 531 ,
1439 466 1603 526 versus
1632 463 1762 521 basin
1795 467 2021 538 operculi
2055 471 2283 542 utrinque

329 555 489 607 statim
519 549 625 618 post
648 544 908 599 orbiralem
929 546 1252 595 eminentiam
1272 541 1368 596 fita.
1445 542 1742 615 Plerumque
1767 546 1818 595 in
1843 562 2015 596 arcum
2039 542 2283 606 curvatim

330 628 586 695 variatque
608 620 946 688 longitudine3
985 620 1035 669 in
1057 619 1200 686 sparis
1231 616 1528 688 quibusdam
1550 634 1598 670 et
1624 622 1783 687 percis
1804 618 1996 688 pollicis
2019 619 2285 687 longitudi-

273 689 294 753 ll
333 719 452 755 nem
471 699 693 767 superam
729 691 932 746 lamellis
962 707 1184 743 ceterum
1202 691 1378 743 iisdem
1397 692 1680 764 eodemque
1701 692 1876 745 ordine
1898 712 2000 765 quo
2022 692 2285 751 branchiae

335 775 579 844 reliquae,
613 768 695 820 sed
717 769 833 820 serie
863 784 964 818 non
993 768 1189 832 gemina
1211 778 1270 827 at
1301 763 1521 834 fimplice
1543 769 1878 836 componitur.
1954 767 2286 822 Lamellarum

333 845 601 914 iongitudo
622 843 782 895 versus
811 854 1076 911 utrumque
1098 839 1252 890 finem
1275 838 1534 900 decrescit,
1574 839 1908 911 fibrarumque
1929 860 2167 897 numerus
2190 861 2286 911 pro

339 938 520 992 genere
552 917 756 988 piscium
778 914 994 967 diversus
1015 915 1112 973 est3
1144 915 1193 964 in
1219 912 1434 966 limanda
1458 912 1774 984 pleuroned'ta
1811 932 1869 965 21
1896 915 2080 968 adsunt.
2155 917 2288 970 Offi-

341 995 457 1049 culo
480 1009 735 1062 nunquam
751 989 946 1050 adfixae
965 988 1191 1047 haerent3
1229 985 1349 1040 bafis
1371 991 1421 1040 in
1450 1003 1702 1042 tumorem
1723 992 1963 1049 excurrit3
2000 1005 2292 1062 partemque

331 1087 515 1123 aearum
535 1065 664 1118 velat
690 1062 976 1116 membrana
1000 1065 1207 1115 interior
1238 1066 1496 1116 cavitatem
1527 1061 1862 1116 branchialem
1886 1061 2124 1118 ambiens.
2201 1069 2290 1131 (In

343 1143 553 1216 piscibus
585 1137 742 1192 coetis
777 1135 1023 1191 contracia
1056 1151 1202 1208 atque
1238 1135 1459 1189 obscura.
1550 1141 1684 1191 Tres
1725 1141 1885 1190 trunci
1919 1141 2099 1190 interni
2132 1137 2292 1191 lateris

342 1222 598 1286 utriusque
629 1216 830 1266 arteriae
861 1209 1152 1264 branchialis
1187 1213 1238 1261 in
1268 1224 1364 1264 tres
1399 1210 1656 1264 branchias
1690 1216 1904 1265 internas
1926 1212 2294 1274 distribuuntur,

342 1312 439 1348 >nec
460 1307 653 1343 ramum
671 1285 826 1339 ullum
848 1284 1119 1340 notabilem
1140 1284 1319 1345 edunt3
1338 1300 1540 1358 quartus
1559 1290 1775 1340 extimus
1796 1287 1959 1340 versus
1973 1288 2126 1345 finem
2148 1290 2293 1346 emit-

346 1372 403 1422 tit
424 1383 635 1424 ramum,
665 1365 753 1433 qui
776 1360 978 1431 paulum
997 1363 1211 1413 reflexus
1234 1357 1294 1412 ab
1317 1363 1455 1413 initio
1476 1365 1733 1428 regionem
1755 1359 1998 1418 branchiis
2017 1360 2295 1431 oppositam

348 1442 462 1502 adit,
484 1436 873 1507 branchiamque
895 1452 1095 1504 parvam
1115 1434 1198 1486 seu
1217 1433 1430 1503 spuriam
1452 1438 1607 1487 intrat.
1648 1433 1898 1488 Manifesta
1920 1435 2041 1488 haec
2061 1439 2111 1486 in
2127 1439 2296 1505 primis

343 1514 645 1584 conspicitur
679 1514 727 1562 in
759 1509 897 1561 classe
928 1508 1507 1578 acanthopterygiorurm
1551 1509 1861 1581 eandemque
1893 1513 1943 1561 in
1975 1510 2298 1580 descriptione

349 1589 507 1645 soleae
529 1584 871 1639 chaetodontis
894 1597 944 1635 et
965 1582 1184 1652 ciupeae,
1210 1582 1378 1634 inserta
1398 1586 1586 1652 primae
1607 1584 1797 1636 Decadi
1820 1586 2060 1637 Historiae
2075 1585 2299 1653 piscium,

352 1666 559 1718 nomine
582 1656 1036 1729 pseudobranchiae
1055 1658 1138 1710 seu
1158 1657 1346 1727 spuriae
1368 1655 1630 1710 branchiae
1655 1657 1913 1729 appellavit
1932 1655 1986 1712 B
1989 1655 2253 1731 istozicffimet,
2287 1677 2289 1679 ’

508 1768 800 1837 (Branchiae
837 1771 1034 1840 quintae
1082 1766 1270 1837 spuriae
1304 1769 1472 1836 postea
1513 1771 1743 1820 meminit
1773 1771 1823 1819 in
1857 1785 2044 1837 nupera
2065 1767 2302 1821 editione

359 1843 704 1913 Philosophiae
735 1842 1034 1894 Artedianae
1067 1840 1142 1894 Cl.
1169 1837 1263 1895 W
1258 1836 1460 1893 alhaum
1493 1859 1540 1911 p.
1569 1859 1654 1905 42.
1686 1840 1854 1912 ibique
1883 1843 2074 1894 additur
2095 1832 2334 1912 pseudo-If

359 1919 647 1974 branchiam
668 1935 698 1968 a
721 1915 1016 1988 quibusdam
1036 1908 1263 1986 appellari
1280 1914 1382 1967 hoc
1403 1932 1573 1981 genus.
1621 1920 1674 1966 In
1696 1920 1940 1968 anatomia
1960 1915 2109 1984 gladii
2124 1900 2332 2011 eademi}

358 1990 777 2066 pseudobranchia
806 2003 1093 2048 annotatum
1142 2005 1204 2040 ex
1226 2002 1404 2045 trunco
1428 2003 1592 2042 aortae
1615 2003 1710 2042 tres
1743 1994 1972 2060 utrinque
1996 1994 2118 2043 rami
2145 1980 2338 2044 exorti*

361 2079 719 2126 memorantur,
758 2082 975 2135 quorum
996 2066 1182 2132 primus
1204 2065 1312 2131 post
1332 2077 1500 2115 ortum
1520 2062 1704 2117 bifidus
1723 2064 1787 2116 ad
1808 2062 2091 2119 branchiam
2113 2070 2305 2119 tertiam

359 2159 413 2197 et
437 2155 665 2214 quartam
690 2138 837 2206 (duas
862 2156 1043 2207 nempe
1061 2139 1301 2201 intimas),
1324 2136 1442 2190 alter
1473 2137 1535 2190 ad
1562 2138 1847 2200 secundam,
1891 2143 2061 2192 tertius
2086 2144 2204 2192 item
2232 2139 2306 2194 bi·-

363 2218 493 2271 fidus
548 2214 610 2267 ad
664 2217 876 2284 primam
922 2214 1226 2279 (extimam)
1265 2225 1315 2263 et
1356 2230 1585 2265 mancam
1629 2212 1945 2266 accessoriam
1979 2218 2070 2276 (ita
2097 2215 2308 2283 pseudo-

363 2289 649 2345 branchiam
669 2287 901 2358 appellat)
923 2285 1245 2339 distribuatur.
1287 2291 1358 2355 (p.
1381 2288 1524 2351 147.)
1599 2287 1693 2339 Sed
1723 2290 1822 2352 jam
1847 2287 1934 2338 diu
1956 2291 2003 2340 in
2025 2287 2309 2359 cycloptero

331 2400 348 2492 Ν
367 2367 562 2418 dentice
592 2362 881 2415 branchiam
914 2374 1138 2433 quartam
1166 2360 1393 2413 adnatam
1426 2364 1654 2434 utrinque
1677 2365 1928 2414 annotavit
1944 2358 2129 2416 Pallas
2151 2367 2308 2434 spici-

370 2441 465 2508 leg.
482 2438 606 2491 FasC.
625 2442 726 2490 VII.
752 2455 798 2507 p.
819 2456 866 2502 9.

113 2552 196 2618 6⁹7'-
223 2540 363 2608 eda„
392 2588 404 2595 .
519 2550 772 2599 Praeterea
803 2549 852 2597 in
883 2547 991 2611 rajis
1024 2549 1243 2616 quintam
1277 2543 1359 2597 seu
1391 2547 1601 2597 anticam
1620 2543 1903 2598 branchiam
1923 2543 2197 2617 {implicem
2227 2548 2312 2601 ad·-

371 2622 470 2677 esse
500 2624 697 2674 monuit
727 2625 872 2672 etiam
907 2619 981 2674 Cl.
1016 2615 1232 2681 Mor-15³0,
1267 2622 1351 2691 qui
1376 2622 1577 2672 arteriae
1596 2618 1894 2688 pulmonalis
1919 2622 2000 2673 seu
2023 2621 2314 2676 branchialis

378 2694 768 2750 distributionem
789 2694 936 2764 paulo
964 2694 1199 2747 diversam
1221 2711 1244 2745 a
1270 2697 1457 2745 ratione
1489 2697 1684 2760 gemina
1714 2696 1810 2757 jam
1842 2692 1967 2747 ditia
1995 2700 2246 2749 annotavit
2267 2710 2315 2750 et

377 2775 549 2844 pinxit.
626 2774 791 2841 Itaque
823 2769 1117 2837 cartilaginei
1149 2768 1301 2838 pisces
1329 2786 1446 2818 cum
1473 2766 1670 2838 reliquis
1702 2766 1792 2819 hae
1815 2771 1865 2819 in
1888 2787 1940 2821 re
1961 2773 2105 2822 etiam
2131 2787 2317 2823 conve-

381 2851 548 2904 niunt3
586 2860 869 2914 quanquam
897 2848 1093 2915 quintae
1121 2841 1382 2895 branchiae
1413 2840 1641 2911 fimplicis
1671 2841 1845 2910 pofitio
1881 2842 2061 2896 diversa
2083 2843 2152 2906 fit,
2190 2864 2318 2917 quo-

385 2926 518 2974 niam
537 2917 884 2970 branchiarum
904 2916 1198 2988 operculum
1229 2914 1419 2968 nullum
1450 2916 1594 2968 adest.
1670 2919 1899 2988 Denique
1920 2920 2016 2982 jam
2039 2918 2161 2971 olim
2186 2917 2318 2972 Ari-

374 2995 579 3065 storeas
607 2993 731 3048 hanc
761 2997 983 3064 quintam
1014 3008 1063 3044 et
1092 2991 1361 3062 fimplicem
1391 2989 1677 3044 branchiam
1704 2991 1951 3044 annotass‘e
1978 2992 2169 3046 videtur
2197 2995 2320 3047 Hist.

386 3066 579 3121 animaL
610 3071 660 3118 11.
699 3085 774 3129 ¹3·
820 3065 902 3119 ubi
938 3069 1198 3138 postquam
1248 3068 1516 3134 generatim
1563 3065 1787 3133 posuerat
1829 3063 2084 3120 branchias
2117 3068 2210 3120 esse
2243 3066 2322 3120 vel

391 3144 612 3210 geminas
643 3140 721 3195 vel
749 3140 1020 3219 fimpiiceS,
1057 3142 1213 3197 addit:
1246 3135 1311 3206 τὰ
1338 3136 1394 3198 δὲ
1424 3137 1660 3218 ἔσχατον
1684 3134 1819 3216 πρὸς
1849 3136 1909 3200 τὸ
1933 3146 2081 3216 σῶμα
2110 3137 2327 3201 πάντων

2131 3215 2330 3281 <ialam
