2571 3775
300 347 407 398 340
1110 341 1403 384 -μ--ἑ-ςε

300 458 570 526 supersede03
602 458 737 524 potest
770 464 886 509 enim
919 459 1045 510 facile
1067 464 1213 526 ,lector
1230 484 1342 513 nuuc
1363 464 1606 516 admonitus
1628 468 1789 535 fingula
1809 473 1853 516 in
1874 470 2078 535 exemplis
2095 473 2252 536 hippo-

304 545 559 594 camporum
584 527 674 575 satis
707 530 944 593 vulgaribus
964 532 1304 579 animadvertere.
1359 558 1361 561 ·
1502 583 1508 586 ,

440 601 621 644 Uterum
650 601 932 662 hippocampi
964 604 1137 664 vivipari
1170 600 1276 647 infra
1307 621 1436 649 auum
1468 603 1718 650 conclusum
1753 605 1880 652 latere
1912 604 2136 651 admonuit
2165 609 2249 665 jam

306 665 416 713 olim
450 667 640 710 Severini
665 670 863 712 Zootom.
897 685 935 730 p,
961 684 1036 724 35¹·
1117 672 1277 714 Praeter
1309 688 1439 734 genus
1469 674 1707 736 Synguathi
1741 678 1867 720 etiam
1897 677 1941 719 in
1971 674 2256 720 Pleuroneetis

308 733 507 799 genitales
530 747 660 796 partes
681 734 730 778 ab
753 732 1015 780 abdomiuali
1047 739 1218 781 cavitate
1250 736 1446 800 separatas
1474 740 1567 803 post
1586 759 1714 786 auum
1739 741 1827 787 sitas
1851 740 1931 787 effe
1952 747 2168 788 annotavit
2187 740 2256 787 Cl.

314 803 368 850 V
368 804 599 861 chd’uzyr.
667 803 827 862 Qibus
862 821 958 848 cum
991 801 1149 849 ssmiles
1176 804 1375 851 strudtum
1410 810 1569 853 iuterna
1600 807 1678 854 siut
1711 807 1861 872 pisces,
1897 814 1967 874 qui
1997 828 2127 873 genus
2150 813 2258 854 'Leus

322 869 489 915 dietum
514 868 780 923 constituunt,
816 867 946 915 iidem
969 875 1093 917 etiam
1119 886 1249 935 partes
1270 875 1470 937 genitales
1491 873 1686 938 separatas
1705 895 1849 940 gerere
1867 876 2131 924 existimandi
2154 874 2259 924 sunt.

309 941 359 987 ln
383 953 580 982 muraena
604 949 767 982 uterum
788 935 855 983 seu
875 940 1072 1002 genitalia
1100 937 1209 986 infra
1244 959 1374 988 auum
1403 941 1476 988 fita
1499 944 1581 989 esse
1600 942 1736 991 asserit
1757 947 1942 991 Severini
1961 948 2006 991 in
2025 949 2257 993 Zootomia

312 1023 355 1071 p.
377 1021 472 1066 370.
493 1018 536 1051 ut
556 1007 599 1050 iu
617 1022 752 1070 angue
773 1024 894 1053 cereo
913 1007 964 1053 ab
985 1025 1037 1054 eo
1060 1006 1188 1054 dicto.

454 1201 624 1247 Tabula
639 1203 1108 1267 n1.·Hippop0tamum
1130 1223 1179 1252 ex
1202 1210 1494 1254 monumentis
1513 1213 1689 1274 antiquis
1711 1221 1888 1274 quatuor
1899 1204 2134 1272 expressum
2149 1206 2261 1262 fissit,

318 1286 418 1315 cum
442 1268 557 1324 loto,
587 1270 716 1315 herba
737 1272 928 1335 palustri,
964 1273 1074 1319 ibide
1093 1288 1132 1319 et
1152 1274 1385 1322 crocodilo.
1459 1280 1703 1323 iuimicitias
1723 1296 1821 1324 cum
1846 1275 2065 1323 crocodilo
2086 1275 2256 1322 aliunde

314 1341 505 1402 cognitas
541 1336 735 1385 nondum
775 1341 1001 1397 habemus3
1053 1341 1185 1388 fidem
1214 1357 1356 1389 tamen
1392 1341 1550 1390 faciunt
1589 1360 1871 1393 monumenta
1904 1347 2029 1398 haec,
2076 1362 2262 1408 quorum

314 1408 508 1452 auctores
531 1419 722 1452 naturam
751 1410 1049 1472 hippopotami
1073 1411 1136 1457 vel
1159 1429 1208 1458 ex
1229 1412 1365 1457 aliena
1395 1412 1599 1459 relatione
1628 1415 1779 1461 melius
1806 1428 1953 1460 notam
1976 1413 2127 1458 habere
2145 1411 2265 1458 debe-

316 1473 439 1527 bant,
483 1488 707 1538 antequam
736 1478 897 1523 animal
927 1476 1201 1543 undequaque
1232 1479 1517 1544 conquisitum
1551 1481 1602 1528 ad
1628 1476 1845 1529 interioris
1879 1483 2131 1544 Aethiopiae
2158 1481 2264 1526 fines

324 1555 439 1589 metu
460 1539 686 1605 refugiffet.
755 1544 976 1591 Crocodili
1000 1550 1188 1593 Vaticani
1219 1545 1372 1611 species
1392 1550 1528 1595 rostro
1541 1551 1682 1614 ‘longo
1705 1565 1744 1597 et
1763 1550 1936 1614 angusto
1957 1552 2130 1613 propius
2150 1565 2262 1594 acce-

319 1607 419 1655 dere
444 1607 606 1656 videtur
639 1608 690 1656 ad
720 1626 910 1660 naturam
943 1613 1148 1660 crocodili
1182 1617 1404 1679 Gangetici
1435 1618 1722 1682 longirostris‚
1757 1618 1810 1665 de
1840 1635 1924 1683 quo
1952 1618 2073 1682 plura
2105 1615 2192 1663 dixi
2214 1619 2259 1665 in

319 1677 507 1728 Historia
530 1678 782 1725 animalium
803 1696 1104 1737 venenatorum
1129 1687 1325 1747 proxime
1351 1684 1522 1732 edenda.

457 1748 514 1792 Hi
520 1760 802 1810 ppopotamus
823 1753 866 1794 in
891 1748 980 1796 Bafi
1000 1751 1091 1796 Nili
1115 1755 1302 1797 Vaticani
1323 1751 1571 1817 conspicuus
1591 1772 1706 1801 nunc
1724 1757 1768 1799 in
1783 1750 1936 1800 Museo
1950 1754 2032 1799 Pio
2054 1751 2261 1797 Clemen-

320 1816 415 1860 tino
442 1812 643 1877 repofitus
662 1811 898 1863 asservatur.

461 1881 599 1928 Altera
622 1882 754 1945 figura
776 1901 825 1929 ex
845 1901 1020 1947 gemma
1052 1883 1202 1930 caelata
1230 1889 1274 1932 in
1306 1884 1461 1933 Museo
1483 1889 1614 1934 Ducis
1636 1885 1943 1933 Aurelianenfis
1964 1884 2163 1951 exscripta
2183 1886 2266 1944 essf,

327 1949 572 1995 carneolum
596 1950 725 1995 hodie
747 1948 1066 2015 dicunt.,'quam
1091 1965 1243 1999 veteres
1263 1951 1441 2000 sardam.

458 2020 805 2081 Hippopotamus
833 2018 1157 2066 Herculanensis
1185 2039 1233 2068 ex
1267 2024 1440 2069 l‘iciuris
1472 2018 1854 2067 Herculanenfibus
1883 2022 1942 2068 T.
1963 2022 2061 2085 1.·p.
2081 2028 2170 2078 263.
2199 2038 2265 2068 ex-

325 2082 499 2148 scriptus
519 2085 586 2131 efl.
629 2088 782 2132 Dentes
807 2087 980 2133 maxilla
1002 2086 1178 2134 inferior
1195 2089 1337 2135 nullos
1360 2091 1481 2135 habet
1500 2107 1640 2135 errore
1660 2092 1844 2153 pistori&
1885 2093 2047 2136 Verum
2068 2093 2112 2135 in
2131 2089 2266 2152 figura

328 2154 455 2217 paulo
473 2151 697 2216 grandiore
717 2155 925 2204 Tomi'v.
950 2155 1091 2202 dentes
1111 2160 1154 2202 in
1176 2170 1348 2220 utraque
1376 2158 1546 2204 maxilla
1568 2155 1778 2203 manifesti
1800 2155 1968 2211 adsunt,
1999 2155 2067 2203 sed
2094 2161 2261 2204 narium

319 2225 485 2284 gemini
517 2221 619 2267 fines
648 2239 737 2268 non
765 2236 851 2269 tam
885 2228 991 2270 acuti
1025 2224 1315 2287 protuberant3
1349 2226 1532 2272 rostrum
1564 2225 1756 2272 obtusum
1785 2244 1883 2271 cum
1914 2226 2079 2271 naribus
2108 2223 2268 2272 sursum

326 2291 553 2336 retractum
583 2290 725 2336 tubere
753 2295 879 2337 unico
908 2295 1088 2342 eminet..
1124 2295 1230 2339 rietu
1259 2297 1385 2338 etiam
1418 2307 1572 2355 aperto.
1645 2293 1843 2339 Auricula
1873 2291 2031 2339 finistra
2061 2297 2103 2338 in
2123 2297 2265 2357 priore

326 2356 463 2419 figura
493 2356 645 2403 omissa
673 2358 729 2404 est
749 2378 771 2404 a
790 2361 977 2422 pietat-eg
1008 2361 1049 2404 in
1078 2359 1202 2406 alte-ra
1232 2365 1391 2419 majore
1421 2359 1567 2424 (quam
1593 2360 1741 2423 omifi)
1773 2359 1931 2407 deflexa
1951 2359 2146 2407 deorsum
2168 2379 2267 2408 con·

326 2421 508 2487 spicitur.
577 2424 720 2472 Cauda
742 2429 783 2472 iu
805 2441 976 2492 utraque
995 2428 1127 2490 figura
1153 2429 1288 2474 multo
1308 2428 1506 2492 longior,
1535 2429 1621 2475 fine
1653 2427 1816 2492 piloso,
1847 2443 2036 2493 apparet,
2068 2446 2196 2496 quam
2218 2433 2265 2477 in

329 2491 497 2558 reliquis
520 2498 833 2550 monumentis,
864 2509 902 2541 et
928 2513 1055 2561 quam
1076 2500 1181 2543 ratio
1202 2500 1389 2562 corporis
1409 2494 1518 2543 ferre
1539 2496 1710 2544 videtur.

584 2643 670 2702 De
704 2643 878 2721 offlbus
910 2647 1100 2722 capitis
1126 2647 1352 2723 piscium
1392 2657 1442 2706 et
1476 2646 1714 2705 duHibus
1750 2647 2025 2723 mucifhriS.

2143 2726 2155 2749 ἱ

467 2779 565 2839 Qo
586 2776 849 2827 manifestior
869 2781 941 2827 fiat
959 2779 1193 2827 differentia
1213 2784 1355 2846 capitis
1379 2781 1529 2828 offium
1547 2783 1824 2843 exbLoricaria
1841 2782 2072 2845 piciorum,
2097 2779 2269 2828 brevem

333 2861 385 2891 ex
415 2862 536 2908 perca
566 2846 755 2893 fluviatili
789 2862 828 2895 et
858 2853 1044 2912 cyprinis
1073 2849 1224 2896 ossium
1250 2853 1390 2913 capitis
1411 2853 1604 2896 notitiam
1623 2847 1862 2912 adjungam.
1934 2848 2028 2894 Post
2048 2852 2269 2911 repetitam

327 2913 540 2960 multoties
573 2917 730 2961 horum
762 2933 966 2980 generum
990 2922 1276 2971 anatomiam,
1317 2919 1588 2965 maxillarum
1619 2935 1715 2962 cum
1755 2918 1898 2962 cranio
1928 2916 2266 2963 articulationem

328 2985 524 3042 proxime
543 2980 594 3027 ad
624 2986 764 3030 avium
795 3002 925 3047 genus
957 3000 995 3032 et
1017 2984 1220 3032 fabricam
1243 2985 1436 3031 accedere
1454 2983 1603 3039 video,
1637 2983 1749 3048 quod
1772 2988 1814 3031 in
1835 3001 2095 3048 cougrorum
2121 2989 2265 3031 etauio

326 3051 411 3109 jam
441 3054 654 3096 annotavit
687 3051 753 3097 Cl.
790 3054 1072 3116 Vich'azyr.
1159 3054 1338 3101 Maxilla
1375 3052 1563 3116 superior
1601 3053 1852 3118 plerumque
1879 3051 2057 3116 duplex,
2106 3050 2267 3098 sursum

329 3113 611 3183 deorsumque
630 3119 801 3166 mobilis
823 3121 1075 3169 inlateribus
1090 3125 1286 3188 utrinque
1306 3139 1402 3169 cum
1423 3118 1622 3170 inferiore
1641 3121 1817 3170 maxilla
1836 3119 2169 3186 ligamentorum
2184 3137 2268 3183 ope

2096 3205 2267 3250 conjun-
