2571 3775
419 325 524 375 218
1218 326 1509 354 ''¹¹¹⁸''—

422 444 681 505 videmus3
719 457 865 517 atque
887 443 986 499 huc
1007 443 1211 516 respicit
1228 439 1529 499 bullantium
1564 448 1820 517 uquarum
1831 441 2067 518 sufflatio
2097 450 2179 502 IX.
2201 420 2318 513 <:.s¹7'.¹

422 518 509 571 ubi
529 532 697 572 contra
719 516 1036 590 Aristotelem
1055 521 1225 590 spirare
1251 520 1408 589 pisces
1431 519 1603 572 censet.

577 627 715 680 Male
735 627 912 681 scilicet
922 625 1219 698 Aristoteles
1239 627 1430 690 sumsit,
1465 628 1599 701 quod
1621 625 1845 699 pluribus
1867 632 1916 684 in
1938 628 2059 683 locis
2085 629 2314 694 affirmat,

426 718 592 755 aerem
622 720 777 773 aquae
799 702 988 754 nullum
1010 702 1168 755 ineffe.
1247 705 1415 769 Qare
1434 707 1607 766 etiam,
1648 722 1765 755 cum
1787 703 2023 757 odoratus
2049 704 2145 758 fine
2174 707 2318 775 inspi—

427 779 615 828 ratione
637 774 795 826 nullus
817 775 908 828 effe
928 777 1076 844 poffit
1091 812 1106 836 ,
1140 775 1292 844 pisces
1314 793 1431 829 vero
1455 778 1682 847 respirare
1702 790 1875 844 neget,
1895 795 2142 847 praeterea
2164 783 2315 832 etiam

428 866 569 903 nares
602 867 704 901 non
733 848 827 901 effe
857 849 918 900 ad
950 847 1210 901 cerebrum
1241 850 1453 918 pertusas
1483 864 1532 902 et
1555 854 1744 920 pervias
1769 852 1939 903 statuat
1971 855 2033 904 H.
2069 856 2134 907 A.
2165 858 2242 907 IV.
2273 865 2319 911 8.

429 925 627 989 cogitur
655 922 892 975 assumere
929 923 1082 991 pisces
1110 940 1198 992 per
1229 921 1484 977 branchias
1516 925 1729 979 odorem
1758 924 1957 988 sentire,
2015 928 2153 998 quod
2187 927 2318 980 clare

429 999 576 1067 ponit
592 996 654 1048 de
676 995 895 1050 Partibus
915 1002 970 1048 ΙΙ.
993 1015 1095 1067 cap.
1126 1017 1142 1048 1
1156 1003 1203 1049 6.

587 1098 819 1177 Denique*
850 1103 1143 1159 Athenaeus
1164 1109 1265 1159 VII.
1294 1104 1358 1175 p.'
1379 1124 1404 1172 3
1424 1125 1439 1155 ι
1457 1123 1499 1170 ς.
1546 1125 1609 1160 ex
1640 1103 1935 1177 Aristotelis
1965 1107 2093 1163 libro
2121 1109 2324 1179 perdito

433 1195 653 1242 annotat,
671 1180 871 1232 asellum·
894 1180 1054 1233 solum
1074 1180 1278 1250 piscium
1292 1199 1380 1234 cor
1401 1185 1450 1234 in
1471 1197 1641 1235 ventre
1658 1183 1885 1249 (κοιλία)
1907 1182 2117 1253 pofitum
2138 1202 2329 1252 gerere.

431 1261 605 1324 Qlem
625 1254 794 1308 locum
816 1251 1062 1308 Aelianus
1086 1274 1203 1306 cum
1215 1254 1573 1308 exscriberetV.
1598 1274 1680 1309 20.
1695 1272 1743 1309 et
1753 1243 1839 1308 VL‘
1859 1276 1938 1317 30·
1961 1259 2120 1327 posuit
2140 1255 2325 1338 3204591'3.

433 1327 694 1401 Apulejus
715 1348 835 1382 vero
860 1332 911 1380 in
933 1326 1200 1399 Apologia
1235 1328 1541 1398 probabilius
1567 1329 1714 1385 habet
1745 1328 1798 1385 iu
1830 1328 1990 1385 media
2019 1329 2149 1386 alvo,
2226 1331 2325 1384 Sed

435 1404 498 1458 de
519 1404 611 1456 hac
630 1422 681 1456 re
700 1404 805 1456 satis
829 1403 930 1455 dixi
950 1407 1001 1455 in
1025 1402 1206 1456 Asello.
2292 1415 2295 1416 ’

585 1515 810 1567 Omnem
853 1513 916 1566 de
953 1512 1270 1582 respiratione
1307 1514 1516 1583 piscium
1554 1528 1778 1569 veterum
1819 1514 2230 1587 philosophorum
2273 1527 2324 1568 et

437 1591 523 1661 qui
545 1592 667 1641 inter
686 1592 983 1641 recentiores
1008 1603 1166 1657 partes
1189 1606 1367 1641 eorum
1387 1589 1494 1640 sunt
1513 1589 1689 1652 secuti,
1731 1591 2105 1661 disputationem
2128 1593 2327 1660 opinio-

438 1679 661 1733 numque
684 1666 963 1715 varietatem
985 1666 1348 1715 commentario
1383 1663 1490 1716 satis
1510 1663 1824 1719 voluminoso
1846 1670 2080 1718 enarravit
2108 1663 2188 1718 Μ.
2208 1661 2330 1728 Aua

439 1733 599 1790 relius
635 1733 907 1789 Severiuus
939 1736 1074 1789 edito
1106 1735 1382 1792 Amstelod.
1426 1744 1575 1790 1661.
1690 1739 1785 1791 Sed
1816 1743 1859 1792 is
1885 1739 1992 1792 loca
2031 1734 2326 1807 Aristotelis

441 1814 608 1865 omnia
633 1808 771 1862 fimul
793 1829 895 1863 non
918 1811 1102 1880 posuit,
1142 1809 1300 1862 multo
1322 1813 1485 1862 minus
1508 1809 1770 1880 explicuit,
1802 1828 1948 1884 atque
1972 1817 2021 1866 in
2043 1812 2326 1864 universum

442 1898 612 1938 contra
635 1887 908 1952 Stagiritam
944 1882 1231 1937 audior-itate
1263 1887 1485 1937 virorum
1514 1883 1782 1939 dostorum
1804 1901 1852 1938 et
1882 1884 2326 1954 argumentislocis

442 1962 600 2025 magis
621 1972 803 2027 pugnat
831 1976 980 2030 quam
1008 1955 1210 2026 phyficis
1242 1971 1290 2010 et
1309 1961 1614 2010 anatomicis,
1742 1962 1905 2013 Insunt
1927 1975 2092 2013 tamen
2124 1963 2168 2012 ei
2199 1957 2326 2012 libro

443 2031 807 2086 observationes
839 2032 1106 2103 quaedam,
1154 2049 1278 2102 quae
1308 2031 1405 2084 huc
1439 2029 1605 2084 referri
1634 2048 1916 2095 merentur,
1964 2052 2073 2087 eam
2103 2037 2326 2104 inprimis

444 2105 512 2160 ob
535 2106 750 2167 causam,
800 2109 1035 2177 quoniam
1067 2110 1112 2158 in
1143 2123 1324 2176 nupera
1364 2102 1558 2159 Artedz'
1581 2107 1800 2161 editione
1829 2110 2210 2179 Antiperipatias
2236 2104 2326 2161 Se-

443 2177 612 2233 verini
642 2179 860 2232 Diatribe
882 2183 1132 2232 nominata
1163 2180 1364 2252 quidem
1393 2179 1506 2240 fuit,
1548 2180 1685 2234 nullo
1717 2196 1882 2235 tam-en
1907 2183 2113 2234 editoris
2139 2182 2327 2247 judicio

445 2253 741 2324 interpofito.
823 2260 1062 2322 Excerpta
1087 2257 1235 2321 igitur
1252 2255 1366 2306 inde
1391 2273 1575 2323 ponam
1599 2253 1708 2307 loca
1738 2255 1841 2316 illa,
1881 2274 2005 2326 quae
2032 2273 2094 2307 ex
2127 2258 2323 2324 propria

443 2326 655 2381 aussoris
677 2326 1014 2380 observatione
1050 2326 1213 2379 lucem
1237 2327 1450 2397 aliquam
1471 2327 1677 2395 piscium
1702 2327 2035 2397 physiologiae
2050 2329 2325 2381 affundunt.

447 2402 693 2454 Ordinem
719 2419 837 2454 eum
868 2401 1059 2471 sequar,
1108 2419 1257 2472 quem
1295 2405 1585 2470 paginarum
1622 2402 1764 2456 series
1786 2404 1947 2458 offert.
2022 2403 2327 2457 Methodum

448 2479 582 2528 enim
603 2471 876 2529 Sevetiuus
898 2492 1000 2527 non
1026 2478 1269 2543 optimam
1291 2476 1390 2544 ipse
1412 2477 1576 2527 tenuit.
1753 2480 1756 2481 ’

596 2587 670 2635 Ut
699 2597 868 2636 contra
909 2579 1224 2652 Aristotelem
1256 2583 1635 2645 demonstraret,
1688 2585 1907 2652 sanguini
1938 2588 1986 2638 in
2015 2585 2328 2655 respiratione

452 2677 553 2712 non
578 2676 702 2726 opus
725 2657 816 2709 effe
838 2655 1225 2724 refrigeratione,
1259 2659 1368 2710 usus
1391 2660 1457 2710 est
1482 2657 1710 2728 exemplo
1731 2659 2111 2731 querquedulae,
2133 2667 2201 2728 (p.
2219 2677 2240 2708 ε
2256 2661 2329 2725 2.)

451 2736 499 2784 in
515 2749 608 2802 qua
630 2729 923 2800 pulmonem
947 2729 1173 2783 inveniffe
1192 2731 1238 2783 se
1260 2746 1429 2798 negat3
1469 2746 1639 2785 contra
1659 2735 1761 2797 ejus
1784 2737 1891 2785 vice
1906 2732 2165 2785 cochleam
2187 2735 2330 2786 instar

453 2805 640 2857 limacis
672 2804 872 2864 duram3
903 2805 1035 2856 unde
1058 2818 1193 2874 putat
1211 2806 1629 2874 transpirationem
1650 2805 1747 2858 fine
1763 2805 1976 2874 pecstoris
1997 2821 2141 2858 motu
2160 2809 2327 2875 peragi

456 2894 506 2931 et
530 2877 786 2932 cochleam
812 2878 945 2947 illam
966 2897 1067 2931 non
1088 2879 1148 2930 ad
1172 2877 1502 2950 refrigerium,
1549 2893 1721 2948 utpote
1752 2898 1853 2931 non
1884 2877 2206 2942 dilatabilem,
2244 2879 2328 2931 sed

456 2953 518 3005 ad
541 2952 851 3005 retinendum
876 2968 923 3005 et
943 2953 1225 3020 augendum
1247 2971 1411 3006 aerem
1433 2952 1606 3005 fad'tam
1629 2953 1735 3005 effe.
1780 2955 1999 3023 Apparet
2023 2973 2138 3006 eum
2159 2953 2327 3006 vidiffe

455 3024 820 3098 querquedulae
843 3030 988 3079 maris
1014 3026 1258 3082 tracheam
1287 3027 1554 3098 appendice
1585 3027 1714 3093 ossea
1746 3026 1964 3090 audlann
2019 3027 2097 3080 sed
2131 3027 2328 3098 pulmo-

459 3117 575 3153 nem
610 3104 698 3154 rite
727 3120 829 3155 non
852 3100 1191 3173 inquisiverat.'

2115 3170 2326 3230 Piscibus
