2571 3775
357 362 459 411 330

352 494 521 530 mune.
626 472 728 544 Ipse
754 475 888 525 enim
922 470 1121 540 galeum
1149 469 1433 534 Rhodium,
1494 468 1558 524 ab
1590 468 1697 540 ipfis
1729 468 1895 523 Rhodi
1930 470 2105 525 incolis
2130 486 2297 524 canem

340 548 593 624 pinguem
619 543 778 616 (κύνει
797 548 979 612 πίονα)
1011 545 1337 617 appellatum,
1373 563 1492 598 cum
1522 544 1689 598 Italico
1717 545 1994 614 acipensere
2027 560 2299 615 comparat,

352 644 506 700 quem
536 626 681 676 metri
711 622 848 673 caula
869 620 1061 674 heroici
1095 614 1369 692 οἱκιπῆσιογ
1391 623 1420 671 i.
1445 637 1487 672 e.
1508 618 1770 689 acipefium
1790 623 2028 673 nominat.
2103 618 2296 672 Vellem

352 696 647 755 Athenaeus
664 695 823 764 ipsum
845 691 1168 762 Archqstmti
1189 693 1359 746 locum
1379 693 1631 763 posuisset,
1670 707 1727 745 ut
1746 692 2159 762 intelligeremus,
2194 711 2296 764 quo

352 777 625 844 pertineant
647 767 792 822 verba
814 770 975 821 statim
995 765 1248 833 subjundla
1270 771 1500 837 opinioni
1519 764 1832 837 Archallrati
1858 781 2297 822 commemoratae.

355 853 422 900 Ita
452 848 585 899 enim
613 856 826 914 pergunt
855 860 1050 910 graeca:
1094 841 1438 894 Archestratus
1466 841 1663 909 galeum
1695 840 1953 894 Rhodium
1983 861 2299 895 commemo-

354 940 464 975 rans
484 919 702 973 eundem
723 916 816 970 effe
835 929 973 986 putat
1001 934 1119 968 cum
1150 933 1241 978 eo,
1273 933 1425 986 quem
1447 918 1661 968 Romani
1682 916 2013 985 acipenserem
2035 915 2297 987 appellant,

353 1010 653 1066 captumque
675 1010 793 1044 cum
811 989 937 1043 tibiis
957 1005 1003 1043 et
1025 993 1225 1043 coronis
1245 986 1457 1041 inferunt
1475 989 1716 1052 tricliniiS,
1750 993 1998 1043 coronatis
2018 995 2168 1043 etiam
2188 989 2297 1054 illis,

354 1074 443 1142 qui
471 1081 670 1139 portant
698 1065 1041 1136 acipenserem.
1117 1068 1303 1117 Verum
1324 1063 1404 1116 hic
1426 1068 1591 1117 minor
1620 1078 1668 1117 et
1689 1065 1847 1118 rostro
1874 1062 2101 1132 longiore
2123 1066 2216 1126 est,
2246 1079 2296 1117 et

353 1147 511 1213 figura
544 1146 700 1210 magis
731 1144 953 1207 trigonus
982 1156 1133 1209 quam
1161 1136 1254 1200 illi3
1294 1138 1474 1191 horum
1506 1152 1673 1191 autem
1705 1137 1781 1191 vel
1807 1138 2060 1192 vilissimus
2083 1152 2132 1192 et
2149 1142 2296 1193 mini·

353 1237 468 1272 mus
489 1236 592 1270 non
613 1218 817 1268 minoris
837 1214 1092 1275 venditur,
1127 1230 1279 1282 quam
1297 1211 1431 1264 mille
1456 1212 1701 1265 drachmis
1722 1215 1920 1265 Atticis.

503 1286 830 1360 Dalecnmpii
863 1286 1017 1341 versio
1059 1289 1262 1358 peffinie
1290 1285 1460 1339 habet:
1513 1287 1758 1356 acipenser
1789 1290 1955 1339 minor
1987 1287 2082 1349 est,
2135 1287 2294 1341 rostro

354 1366 583 1435 longiore
605 1378 655 1418 et
683 1365 906 1433 corporis
938 1363 1092 1430 figura
1122 1363 1278 1428 magis
1311 1360 1588 1428 triangulari
1614 1379 1765 1432 quam
1795 1360 2009 1422 Galeus;
2048 1374 2294 1431 praeterea

353 1445 588 1495 minimus
616 1437 781 1507 galeus
807 1451 952 1509 atque
982 1436 1235 1489 vilissimus
1265 1453 1370 1488 non
1398 1438 1609 1488 minoris
1635 1435 1865 1487 venditur
1899 1450 1947 1488 et
1977 1449 2151 1488 cetera.
2227 1439 2294 1487 Ita

352 1518 490 1568 enim
506 1514 664 1566 sensus
686 1515 838 1566 totius
860 1511 960 1564 loci
976 1509 1119 1580 plane
1141 1513 1445 1580 pervertitur.
1521 1512 1849 1579 Comparatio
1868 1511 1961 1579 ipsa
1982 1511 2296 1579 pronomini-

352 1588 445 1642 bus
469 1578 671 1649 ὲκάνξυν
693 1600 742 1640 et
759 1580 931 1645 τέτων
953 1584 1130 1653 {ignata
1154 1585 1413 1637 instituitur
1441 1602 1558 1636 cum
1581 1582 1778 1654 reliquis
1801 1582 1950 1651 galeis
1974 1597 2114 1636 antea
2132 1586 2298 1636 nomi-

354 1659 503 1725 nati3‚
531 1661 828 1734 quibuscum
848 1660 1093 1731 acipenser
1112 1676 1301 1713 nomen
1331 1675 1568 1727 graecum
1597 1676 1871 1712 commune
1900 1656 2095 1721 habuit,
2125 1657 2294 1726 galeus

353 1737 579 1793 Rhodius
599 1734 879 1806 appellatus.

503 1809 695 1878 Qodfi
715 1807 861 1861 verba
882 1806 1005 1860 haec
1024 1805 1085 1859 ab
1108 1805 1212 1876 ipso
1234 1802 1555 1878 Arclzestraw
1578 1802 1794 1875 profefia
1815 1805 1981 1869 essent,
2006 1819 2113 1858 tum
2132 1803 2292 1860 multo

355 1885 687 1939 confidentius
707 1883 767 1935 de
786 1897 954 1934 natura
976 1880 1102 1949 galei
1124 1879 1311 1934 Rhodii
1332 1895 1380 1933 et
1403 1884 1775 1950 comparatione
1803 1882 2016 1933 instituta
2050 1899 2168 1932 cum
2196 1883 2295 1932 aci-

350 1959 552 2031 pensere
578 1975 788 2012 romano
806 1956 1020 2023 judicare
1043 1953 1227 2007 liceret.
1301 1958 1478 2022 Longe
1515 1954 1600 2006 alia
1635 1971 1712 2005 res
1745 1955 1840 2016 est,
1876 1953 1910 2007 fi
1939 1957 2293 2022 grammaticus
2344 1960 2346 1962 ’

350 2032 640 2089 Athenaeus
671 2032 792 2084 haec
822 2031 883 2082 de
914 2029 1001 2082 suo
1032 2029 1331 2089 interseruit3
1371 2029 1509 2100 quod
1545 2042 1712 2080 tamen
1732 2046 1836 2081 non
1854 2043 2006 2097 put03
2040 2027 2295 2081 drachma-

351 2127 462 2161 rum
515 2111 648 2160 enim
705 2107 984 2158 Atticarum
1039 2106 1254 2173 pretium
1307 2107 1762 2170 Commemoratum
1801 2102 1944 2171 ipfius
1981 2098 2296 2174 Arclzestrati

349 2180 690 2236 audioritatem
717 2197 916 2247 arguere
936 2178 1138 2231 videtur.

497 2261 552 2308 In
597 2253 809 2308 versibus
848 2248 1161 2321 Arellestmti
1196 2250 1259 2304 de
1299 2250 1441 2318 galeo
1475 2247 1676 2303 Rhodio
1718 2267 1908 2304 nomen
1935 2247 2095 2320 vulpis
2129 2250 2294 2304 eidem

351 2330 494 2400 gal-eo
518 2330 822 2397 adjungitur3
844 2346 906 2380 ex
921 2345 1023 2397 quo
1038 2326 1269 2391 discimus
1280 2338 1470 2395 praeter
1490 2322 1715 2395 squalum
1733 2323 2008 2393 alopeciam
2029 2325 2291 2395 acipenseri

351 2409 501 2458 etiam
526 2404 576 2456 id
604 2421 792 2457 nornen
816 2400 1050 2454 addidiffe
1072 2403 1313 2452 Graecos.
1350 2403 1495 2452 Forte
1516 2397 1638 2450 haec
1661 2402 1875 2452 nominis
1892 2402 2190 2452 communio
2214 2402 2292 2455 in.-

350 2478 492 2531 'd'uxit
506 2481 652 2530 etiam
664 2480 903 2538 Graecos,
923 2488 978 2526 ut
996 2479 1121 2526 inter
1142 2472 1479 2540 cartilagineos
1502 2470 1670 2540 galeos
1692 2469 1927 2525 referrent
1947 2474 2290 2542 acipenserem.

500 2551 776 2604 Similitudo
797 2549 953 2622 aliqua
978 2567 1094 2601 cum
1113 2547 1279 2620 squalo
1299 2549 1423 2601 serra
1455 2545 1600 2614 gladii
1623 2544 1783 2599 feciffe
1805 2551 1955 2601 etiam
1973 2546 2196 2609 videtur,
2235 2561 2290 2601 ut

343 2629 500 2680 Attici
534 2625 748 2694 gladium
785 2643 960 2676 canem
993 2621 1268 2687 conjunctis
1298 2620 1549 2675 vocabulis
1579 2620 1887 2690 appellarent.
1989 2620 2288 2693 Exemplum

344 2714 521 2773 poetae
542 2701 792 2771 Anaxippi
811 2699 963 2751 exstat
981 2697 1110 2769 apud
1128 2693 1388 2750 Aelianum
1411 2699 1535 2748 XIII.
1555 2712 1659 2765 cap.
1682 2713 1732 2759 4.

946 2817 1031 2871 Ad
1059 2834 1169 2900 pag.
1199 2826 1312 2874 128.
1388 2818 1467 2868 De
1495 2813 1672 2868 Attilo.

491 2917 747 2982 Qioniam
769 2930 1045 2982 paucorum
1074 2915 1123 2964 in
1152 2929 1327 2964 manus
1355 2909 1623 2981 pervenisse
1643 2907 1833 2960 videtur
1855 2904 1978 2959 liber
1996 2907 2157 2978 spifl'us
2176 2911 2284 2963 Dis-

338 2986 655 3061 quifitionum
678 2987 1006 3040 Plinianarum
1029 3004 1052 3038 a
1078 2988 1279 3040 Comite
1300 2980 1593 3040 Rezzowici
1609 2982 1826 3051 scriptuS‚
1861 2987 2152 3053 excerptum
2164 2984 2282 3036 inde

336 3079 523 3133 ponam
542 3061 711 3114 locum
733 3080 795 3113 ex
828 3059 1027 3131 epistola
1052 3056 1321 3114 Domeuici
1339 3054 1606 3127 Angelini,
1644 3060 1729 3127 qui
1751 3056 1813 3108 de
1832 3057 2108 3109 sturionum
2129 3075 2283 3124 gene-

334 3134 472 3190 ribus
504 3134 663 3190 Italiae
691 3140 822 3191 notis
854 3138 1043 3207 optime
1071 3133 1280 3190 tradidit.
1375 3132 1481 3204 Ipse
1511 3143 1679 3187 autem
1709 3132 1899 3187 Comes
1930 3129 1991 3184 de
2023 3130 2183 3185 Attilo
2210 3135 2284 3258 (lta

340 3235 361 3245 —1
968 3244 973 3247 -
2134 3219 2206 3258 tra
2243 3219 2282 3258 it
