2571 3775
1321 375 1381 385 -
2093 351 2199 416 279

257 473 400 542 piunt
421 472 555 524 enim
583 468 870 536 sanguinem
890 481 916 517 a
939 465 1078 517 venis
1100 462 1377 517 advedlum.
1454 466 1764 523 Ventriculus
1786 469 2052 540 parietibus
2076 477 2199 529 crasi·

261 546 319 601 fis
343 565 434 616 pro
467 548 652 597 ratione
674 540 940 594 voluminis
962 542 1310 607 componitur,
1350 557 1441 591 nec
1467 543 1570 605 ejus
1605 547 1784 596 cavitas
1815 547 1875 596 ad
1899 565 2196 603 mucronem

261 620 426 672 cordis
455 618 607 687 usque
637 617 892 684 pertingit3
930 611 1070 682 plane
1104 628 1155 665 ut
1176 611 1457 666 ventriculo
1476 614 1680 667 humani
1705 618 1867 671 cordis
1891 619 2066 674 dextro
2090 613 2195 677 fieri

258 693 394 747 solet.
470 687 706 743 Auricula
739 691 856 740 item
886 700 940 738 ut
964 686 1132 739 dextra
1155 686 1367 740 humana
1400 688 1685 758 ampliffima
1711 709 1802 761 pro
1822 696 2008 745 ratione
2033 698 2196 750 cordis

260 769 350 828 est,
392 766 776 834 sanguinemque
806 762 1160 828 nigrescentem
1184 760 1403 814 includit.
1479 763 1672 816 Arteria
1699 783 1762 817 ex
1781 766 2054 820 ventriculo
2077 787 2195 838 pro·

258 841 394 893 diens
417 835 546 890 reeta
570 835 721 888 fertur
739 834 1104 897 ari-branchias,
1147 834 1289 905 plane
1318 849 1371 888 ut
1393 835 1701 905 pulmonaris
1732 844 1932 902 arteria,
1972 860 2065 895 nec
2088 862 2195 896 cur..

256 929 422 974 vatur,
450 927 503 964 ut
522 925 658 964 aorta
678 911 905 962 humana.
982 914 1121 962 Haec
1148 913 1295 977 igitur
1330 913 1498 963 omnia
1520 911 1705 965 docent
1724 913 1789 966 illi
1808 929 1973 968 aortae
1996 917 2194 971 adscen-

258 988 415 1040 dentis
446 1004 633 1040 nomen
665 988 916 1052 immerito
940 982 1102 1047 tribui,
1135 1002 1249 1035 cum
1270 989 1443 1036 arteria
1464 983 1754 1040 branchialis
1777 993 1942 1057 potius
1967 991 2193 1060 appellari

249 1060 445 1114 debeat.
521 1059 704 1113 Bulbus
736 1062 935 1111 arteriae
962 1057 1057 1110 bafi
1087 1056 1358 1126 appofituS‚
1397 1071 1544 1129 atque
1564 1063 1694 1112 intus
1713 1060 1847 1115 fibris
1870 1080 1956 1130 per
1978 1064 2193 1132 longitu-

253 1132 821 1187 dinem-decurrentibus
855 1130 1187 1193 constructus,
1241 1132 1435 1183 cursum
1471 1133 1719 1201 sanguinis
1752 1135 2019 1199 accelerat,
2070 1139 2192 1192 dum

250 1208 405 1262 fibrae
427 1206 707 1260 contradlae
726 1210 951 1259 arteriam
970 1203 1064 1258 bafi
1087 1204 1249 1258 cordis
1270 1209 1676 1278 appropinquant.
1724 1208 1936 1263 Bulbum
1959 1210 2092 1263 hunc
2114 1212 2192 1265 3115

249 1301 370 1335 cum
395 1281 606 1335 auricula
627 1282 839 1337 humana
872 1278 1048 1332 finisti-a
1075 1280 1445 1349 compararunt3
1485 1282 1686 1351 quidam
1707 1283 1976 1337 auriculam
1999 1290 2192 1340 arteria-

249 1356 379 1420 lem,
418 1353 747 1427 Caesnlpimsts
766 1358 961 1408 tertium
983 1352 1311 1407 ventriculum
1334 1353 1612 1425 appellavit.

395 1478 555 1540 Hujus
582 1477 783 1528 arteriae
814 1472 962 1527 solius
995 1472 1319 1544 pulsationem
1347 1471 1560 1545 aliquam
1579 1478 1831 1545 percipere
1851 1474 1990 1539 licet,
2028 1473 2188 1530 mani-

249 1548 373 1604 festo
407 1564 727 1617 argumento,
777 1547 1099 1618 pulsationem
1126 1567 1334 1602 omnem
1364 1552 1648 1601 arteriarum
1678 1569 1703 1602 a
1738 1550 1889 1603 corde
1926 1553 2184 1622 proficisci,

248 1625 370 1676 dum
393 1625 583 1692 sanguis
600 1643 662 1677 ex
686 1621 802 1678 vafis
832 1621 1188 1690 angustioribus
1209 1627 1261 1675 in
1289 1620 1527 1693 ampliora
1553 1622 1855 1694 propellitur.
1907 1656 1909 1658 -

242 1803 250 1809 ,
319 1809 322 1813 ,
391 1748 739 1806 Branchiarum
761 1768 816 1802 ea
839 1751 906 1802 est
928 1747 1125 1805 fabrica,
1155 1766 1281 1819 quae
1303 1749 1545 1816 sanguinis
1566 1750 1760 1802 cursum
1781 1753 1841 1803 in'
1854 1767 2006 1820 parvo
2028 1751 2181 1821 spatio

241 1821 334 1876 diu
354 1839 591 1878 moretur.
647 1824 960 1877 Differentias
979 1821 1156 1875 multas
1178 1823 1344 1874 caulae
1364 1826 1524 1887 variae
1541 1825 1776 1884 afferunt3
1815 1843 1907 1877 nec
1932 1825 2179 1891 ejusmodi

241 1901 523 1951 varietatem
547 1902 755 1967 reperire
777 1897 892 1949 lice-t
914 1901 963 1949 in
982 1895 1181 1967 reliquis
1202 1895 1490 1948 animalium
1512 1896 1788 1964 generibus.
1863 1900 2033 1969 Atque
2062 1898 2179 1951 hinc

239 1968 431 2029 fortasse
464 1973 710 2025 conficere
743 1971 996 2040 possumus
1021 2007 1036 2032 ‚
1113 1988 1213 2041 quo
1252 1967 1545 2039 persediiore
1591 1989 1746 2038 genus
1782 1973 2178 2044 unumquodque

238 2046 521 2098 animalium
541 2043 672 2098 vitali
691 2043 849 2116 aliqua
871 2043 1064 2098 achone
1086 2040 1330 2111 fungitur,
1371 2061 1434 2096 eo
1454 2048 1618 2097 minus
1639 2043 1852 2098 formam
1873 2064 2177 2114 organorum

237 2120 297 2172 acl
318 2139 427 2173 cam
451 2119 697 2177 adiionem
720 2117 962 2173 fac‘torum
986 2122 1156 2171 variari
1177 2131 1225 2170 et
1243 2121 1293 2169 in
1312 2116 1449 2188 plura
1473 2118 1697 2189 exempla
1719 2120 1977 2173 discedere,
2015 2125 2175 2173 Prima

238 2209 288 2246 et
313 2199 574 2264 praecipua
607 2194 754 2246 huius
784 2196 1025 2246 varietatis
1056 2193 1197 2244 causa
1231 2195 1282 2244 in
1302 2191 1509 2262 piscibus
1539 2197 1589 2245 in
1616 2197 1743 2246 vitae
1764 2197 1944 2263 genere
1968 2209 2016 2247 et
2038 2194 2173 2248 Viciu

231 2268 312 2324 fita
335 2270 415 2321 est.
492 2272 794 2339 Quicunque
815 2272 947 2320 enim
966 2270 1014 2319 in
1036 2271 1171 2337 aquis
1193 2265 1520 2334 stagnantibus
1540 2281 1589 2320 et
1611 2287 1774 2322 coeno
1796 2268 1946 2321 abdit-i
1969 2269 2172 2337 degunt,

233 2342 486 2394 branchias
520 2341 729 2395 arcubus
773 2341 913 2394 osseis
942 2340 1171 2393 brevibus
1200 2339 1447 2410 impofitas
1474 2356 1652 2409 gerunt
1672 2380 1686 2404 ‚
1762 2345 2022 2396 cavitatem
2052 2361 2173 2397 vero

235 2417 388 2486 ipsam
418 2415 766 2468 branchiarum
797 2414 1012 2485 amplam
1042 2413 1261 2477 habent,
1331 2433 1456 2487 quae
1492 2417 1671 2469 diutius
1712 2436 1889 2490 aquam
1919 2434 2169 2487 receptam

230 2494 483 2544 continere
505 2491 662 2560 poffit.
711 2494 825 2541 Huc
847 2493 1059 2558 pertinet
1081 2488 1288 2556 anguilla
1320 2504 1369 2541 et
1388 2488 1564 2546 fimiles
1594 2494 1640 2543 ei
1658 2493 1807 2561 pisces
1824 2531 1837 2555 ‚
1879 2511 2004 2564 quos
2026 2512 2170 2546 com-

226 2573 394 2636 parare
417 2563 580 2617 licebit
601 2583 716 2617 cum
745 2562 988 2633 reptilium
1007 2571 1204 2624 natura,
1240 2581 1457 2633 quorum
1482 2565 1745 2636 pulmones
1768 2565 1980 2622 cellulofi
2000 2586 2167 2622 aerem

227 2639 443 2694 multum
469 2639 713 2692 inclusum
739 2638 916 2691 diutius
938 2641 1143 2690 retinere
1164 2636 1338 2690 valent.

380 2762 564 2814 Contra
590 2762 672 2831 qui
694 2757 896 2828 pelagus
922 2775 1174 2830 aquasque
1202 2755 1471 2828 profundas
1491 2758 1732 2823 habitant,
1772 2776 1821 2814 et
1839 2762 2161 2828 migrationes

224 2851 409 2886 annuas
439 2833 593 2902 longo
625 2838 796 2886 itinere
829 2850 1105 2902 magnaque
1141 2851 1257 2884 cum
1290 2832 1532 2886 celeritate
1564 2837 1848 2904 perficiunt,
1904 2833 2156 2886 branchias

223 2906 408 2960 ossibus
429 2906 986 2977 majoribusimpofitaS,
1025 2905 1250 2978 foliisque
1280 2908 1506 2960 vasorum
1538 2908 1845 2977 longioribus
1877 2910 1997 2977 iplas
2032 2927 2154 2960 con-

222 2996 374 3034 textas
417 2981 611 3034 habent.
728 2980 1024 3051 Complures
1067 3000 1256 3050 organo
1295 2982 1526 3051 peculiari
1566 2985 1884 3053 respirationis
1921 2982 2152 3050 gaudent,

217 3057 354 3126 quod
376 3058 632 3127 hucusque
651 3074 676 3107 a
697 3055 921 3123 zoologis
945 3055 1174 3109 omiffum
1189 3095 1202 3117 ,
1240 3055 1548 3131 chobtllo
1571 3057 1842 3127 pulmonali
1865 3075 2151 3129 comparare

211 3129 390 3185 licebit.
504 3133 582 3185 Est
618 3128 847 3186 branchia
882 3149 1029 3203 parva
1062 3148 1089 3184 a
1118 3130 1315 3204 reliquis
1348 3130 1565 3187 distffsc‘ta
1593 3129 1815 3206 <effante
1829 3129 1926 3190 ”eas
1956 3132 2146 3204 polita)

698 3205 700 3209 ’
1968 3209 2142 3263 eadem

2209 2975 2290 3147 l]
2311 2970 2331 3026 ,s
