2571 3775
398 358 526 422 ⁶541*
1175 361 1466 385 ...ι-

404 398 430 411 fl

401 490 530 539 viam
563 483 648 539 fibi
676 485 892 539 ‘sternere
918 479 1231 535 arundinetis
1251 477 1482 532 intercifis
1513 482 1734 549 cogit-ur,
1783 492 1929 552 atque
1964 480 2029 533 ita
2056 477 2208 551 pedes
2240 483 2290 535 in

403 560 560 629 gressu
587 562 800 630 stipitum
829 560 1056 610 acumine
1086 556 1224 625 saepe
1252 552 1581 607 vulnerantur.

554 684 805 732 Praeterea
834 671 1333 740 Plitziusfingulares
1364 672 1553 749 aliquot
1585 686 1752 745 partes
1775 672 2289 744 hippopotamisscom-

403 767 677 816 memorat;
711 750 861 804 veluti
879 749 1050 801 dentes
1075 748 1317 808 exsertos,
1337 761 1392 798 ut
1411 765 1532 816 apro
1561 762 1610 800 et
1630 746 1922 817 elephanto3
1972 752 2052 799 XI.
2076 766 2177 817 cap.
2206 768 2287 812 37.

403 827 585 896 pellem
614 823 789 878 frontis
828 842 856 876 e
882 836 1018 892 parte
1055 821 1236 875 finissra
1274 824 1325 873 in
1363 822 1610 874 medicina
1642 820 1804 873 laudat
1832 826 2030 875 XXXJI.
2064 841 2166 893 cap.
2212 842 2288 875 ιο.

403 901 802 970 Nympharenam
845 913 1101 965 gemmam
1137 892 1366 948 dentibus
1426 894 1776 966 hippopotami
1830 893 2036 948 fimilem
2084 902 2150 949 ait
2194 897 2289 950 esse

402 979 645 1027 XXXVII.
686 991 788 1043 cap.
821 989 900 1023 10.
938 972 1166 1041 Denique
1187 967 1315 1023 libro
1342 981 1426 1034 38.
1449 987 1558 1039 cap.
1588 981 1633 1027 8.
1674 971 1766 1031 est,
1807 972 1996 1040 iuquit,
2028 971 2288 1025 crocodilo

404 1053 637 1117 cognatio
663 1046 906 1120 quaedam
929 1047 1086 1098 amnis
1110 1043 1333 1110 ejusdem
1351 1041 1449 1096 Nili
1470 1047 1756 1115 geminique
1786 1042 1943 1096 vic‘lus
1976 1062 2093 1097 cum
2112 1044 2289 1116 hippo-

404 1136 691 1194 potamo—
725 1121 924 1194 plurimi
947 1134 1113 1172 autem
1136 1119 1276 1188 super
1296 1121 1520 1170 Saiticam
1541 1115 1912 1187 praefecturam.
1987 1121 2146 1184 Hujus
2168 1123 2292 1174 corii

404 1203 527 1252 cinis
548 1228 612 1238 -—-
654 1197 804 1266 adeps
826 1225 893 1235 --
933 1195 1086 1247 fimus
1110 1220 1181 1234 —-
1218 1192 1427 1254 denteS,
1477 1191 1617 1261 pellis
1646 1207 1694 1244 et
1726 1191 1932 1246 testiculi
1965 1196 2013 1244 in
2046 1192 2290 1247 medicina

405 1273 686 1331 laudantur,
722 1271 955 1338 sanguine
981 1265 1198 1337 pictores
1221 1270 1294 1318 uti
1316 1267 1560 1319 dic-untur.
1635 1268 1858 1336 Apparet
1874 1266 2009 1320 hunc
2034 1265 2205 1322 locum
2226 1287 2291 1320 ex

403 1348 603 1402 medico
626 1345 790 1416 aliquo
820 1361 1000 1412 graeco
1030 1341 1257 1394 haustum
1289 1340 1413 1403 effe,
1474 1358 1538 1393 ex
1567 1358 1669 1412 quo
1699 1341 1778 1393 sua
1809 1344 1955 1394 etiam
1976 1341 2292 1398 derivaverat

403 1418 677 1476 Nicander
709 1433 857 1489 poeta
885 1418 1025 1487 supra
1066 1415 1300 1468 laudatus.
1394 1419 1474 1467 De
1508 1414 1641 1466 victu
1675 1415 1812 1487 quod
1851 1429 2052 1469 annotat
2081 1411 2292 1469 Plinius

404 1495 559 1549 aliena
593 1492 910 1554 aucloritate,
961 1493 1117 1558 arguit
1140 1489 1557 1558 hippopotamum
1578 1503 1630 1541 ut
1653 1488 1966 1556 crocodilum
1986 1494 2037 1541 in
2067 1490 2293 1545 animalia

405 1574 557 1623 etiam
576 1572 797 1640 aquatica
822 1581 872 1619 et
894 1566 1130 1618 terrestria
1151 1561 1380 1621 dentibus
1403 1562 1609 1630 grassari.
1700 1565 1870 1635 Atque
1900 1568 1964 1616 ita
1992 1563 2293 1634 hippopota-

405 1663 549 1699 mum
578 1648 892 1695 carnivorum
936 1637 1075 1692 fimul
1104 1652 1153 1690 et
1182 1637 1505 1695 herbivorum
1536 1654 1569 1694 ,a
1604 1637 1920 1706 scriptoribus
1938 1639 2139 1692 ,vetustis
2171 1638 2293 1691 tradi

404 1719 646 1771 videmus,
720 1721 798 1769 De
818 1716 1058 1782 sangui-nis
1079 1713 1184 1774 usu,
1222 1729 1374 1782 quem
1396 1725 1649 1780 acceperat
1669 1708 1879 1765 Plinius
1901 1712 2161 1775 traditum,
2186 1714 2293 1764 nar-

407 1798 530 1848 ratio
561 1791 787 1845 nondum
817 1792 998 1844 certior
1029 1788 1096 1839 est
1127 1783 1414 1841 auctoritate
1452 1782 1605 1837 Fria'.
1638 1781 1898 1855 Bollz'wgz‘i
1941 1790 1989 1837 in
2021 1790 2295 1849 Itinerario,

407 1872 494 1939 qui
521 1868 600 1919 sua
622 1883 684 1917 ex
709 1859 886 1918 Plinio
907 1860 1092 1913 duxiffe
1116 1859 1334 1919 videtur3
1377 1858 1806 1928 quemadmodum
1827 1857 2099 1930 lowstmms
2120 1853 2295 1934 aliique

408 1937 576 1997 Plinii
594 1939 764 1993 locum
783 1937 1185 2006 interpretatione
1212 1933 1294 1985 sua
1317 1930 1659 1985 adulterarunt.

534 2072 904 2124 ‘Communem
922 2068 1063 2127 mari,
1093 2067 1226 2117 anmi
1249 2075 1298 2116 et
1322 2076 1481 2117 terrae
1504 2060 1923 2134 hippopotamum*
1942 2077 1997 2117 ut
2018 2069 2165 2118 etiam
2186 2084 2297 2133 cro-

391 2144 632 2203 ·,COdilum
665 2144 811 2197 tradit
843 2137 1053 2197 Plissl‘l'us
1080 2142 1281 2192 XXXII.
1308 2155 1410 2208 cap.
1443 2157 1460 2188 1
1480 2159 1519 2190 ῐ.
1600 2144 1679 2191 De
1714 2138 1973 2192 crocodilo
2002 2136 2169 2192 falsam
2203 2141 2298 2194 esse

412 2223 769 2281 narrationem,
818 2215 969 2270 hodie
1000 2215 1111 2267 satis
1143 2215 1355 2272 constat,
1403 2211 1826 2282 hippopotamum
1852 2227 2017 2266 tamen
2048 2207 2298 2281 interdum

410 2289 561 2347 etiarn
599 2297 646 2347 in
667 2296 806 2354 mari,
834 2294 1104 2343 fluviorum
1121 2289 1257 2339 'ostiis
1285 2289 1449 2339 vicino
1479 2285 1798 2355 conspectum
1831 2286 1924 2339 effe
1949 2288 2192 2340 affirmant
2222 2288 2298 2343 Cl.

410 2365 739 2438 Spart-mann
763 2379 811 2418 et
829 2359 1059 2417 G‘om'orz.
1135 2364 1437 2430 Quanquam
1460 2358 1647 2412 vidium
1681 2359 1943 2432 aquatilem
1970 2362 2103 2435 sequi
2133 2367 2298 2433 potius

412 2456 564 2512 puto,
603 2440 717 2495 cu'm
736 2438 858 2492 ultra
880 2454 1027 2509 aquas
1049 2432 1218 2486 dulces
1250 2448 1481 2502 evagatur
1504 2447 1555 2486 et
1577 2452 1713 2487 marc
1733 2435 2021 2502 ingreditur.

566 2563 845 2615 Postremus
870 2555 1078 2626 superest
1096 2548 1266 2607 Plinii
1287 2550 1426 2605 locus
1444 2556 1530 2608 IX.
1560 2571 1663 2624 cap.
1693 2571 1770 2607 12.
1825 2552 1938 2615 ubi,
1972 2554 2089 2618 alia,
2126 2559 2300 2628 inquit,

411 2636 642 2694 animalia
670 2631 891 2705 aquatilia
915 2632 1053 2682 corio
1078 2641 1127 2680 et
1153 2624 1254 2696 pilo
1274 2628 1583 2696 integuntur,
1632 2642 1685 2679 ut
1705 2626 1843 2680 vituli
1862 2643 1912 2680 et
1933 2628 2299 2698 hippopotami,

415 2714 507 2767 alia
530 2714 672 2764 corio
690 2721 892 2760 tantum
906 2718 959 2756 ut
977 2700 1208 2773 delphini.
1313 2703 1543 2766 v>Gravem
1565 2700 1647 2752 hic
1680 2705 2013 2754 recentiorum
2035 2703 2299 2772 reprehen-

417 2787 606 2841 fionem
639 2784 838 2835 incurrit
865 2774 1101 2835 Plinius,
1140 2774 1280 2847 quod
1314 2793 1503 2845 equum
1522 2775 1812 2828 fluviatilem
1845 2794 2000 2846 aeque
2023 2776 2131 2846 pilis
2153 2779 2299 2829 vesti-

412 2878 525 2915 tum
546 2857 727 2911 habere
749 2857 943 2908 corium
965 2852 1085 2903 dixit
1106 2863 1252 2920 atque
1273 2847 1484 2900 vitulum
1507 2852 1753 2901 marinum
1782 2849 1865 2900 seu
1895 2850 2124 2919 phocam.
2200 2857 2298 2905 Ex-

417 2937 581 2988 cusare
611 2948 832 2985 errorem
859 2945 960 2980 non
991 2924 1165 2984 aufim3
1234 2921 1315 2974 sed
1345 2922 1560 2990 suspicor
1591 2926 1639 2973 in
1669 2940 1732 2975 eo
1764 2920 1878 2976 loco
1908 2922 2056 2976 latere
2087 2924 2299 2998 aliquem

420 3009 598 3061 librarii
620 3021 850 3059 errorem.
927 3005 1095 3052 Totus
1116 2997 1194 3050 ille
1215 2992 1381 3050 Plinii
1402 2995 1542 3048 locus
1568 3014 1630 3048 ex
1650 2994 1780 3048 libris
1794 2994 2086 3065 Aristotelis
2109 3014 2302 3053 contra-

417 3081 530 3134 ·&us
571 3083 664 3139 est,
713 3093 766 3130 ut
811 3076 1117 3144 comparanti
1145 3073 1231 3124 fiet
1258 3067 1597 3128 manifestuum
1653 3087 1829 3122 verum
1867 3071 1929 3124 de
1961 3073 2301 3143 hippopotami

421 3159 565 3210 corio
588 3151 705 3206 nihil
725 3150 819 3204 tale
840 3150 989 3204 hodie
1013 3151 1063 3201 in
1082 3141 1515 3218 philosophilibris
1538 3142 1761 3212 legimus.
1838 3149 1981 3200 Forte
2011 3145 2101 3200 fuit
2136 3150 2187 3198 in
2216 3146 2301 3199 illo

2182 3219 2300 3276 loco
