2571 3775
1043 377 1335 412 ...·-..-·=·.·=
2028 375 2138 434 269

249 496 547 552 Ore'clauso
567 496 685 551 labia
702 491 1016 566 praegrandia
1041 491 1212 545 dentes
1236 511 1411 545 omnes
1432 497 1678 564 operiunt.
1752 500 1930 550 Forma
1951 501 2140 551 anima-

250 573 309 627 lis
334 571 714 645 quodammodo
738 568 901 621 media
923 571 1050 620 inter
1072 565 1307 619 bubalum
1330 581 1378 620 et
1396 587 1606 638 porcum
1619 573 1774 639 potest
1788 571 1896 623 dici.
1978 573 2136 625 Color

252 652 472 718 corporis
494 648 561 699 est
583 643 767 705 fuscus3
806 641 1000 714 pullum
1023 661 1177 696 unum
1201 659 1371 712 parere
1391 642 1581 696 dicitur.
1647 654 1649 657 “
1684 648 1913 715 Denique
1944 664 2134 699 marem

250 721 431 775 femina
475 721 717 780 maiorem
759 718 853 771 effe
892 721 1027 770 tertia
1066 717 1421 786 magnitudinis
1457 733 1592 789 parte
1630 717 1786 771 asserit
1823 715 2096 789 Zerengki
2110 737 2137 785 ,-

249 800 299 850 in
325 797 464 861 cujus
492 794 814 864 descriptione
844 791 991 846 ricius
1018 795 1116 846 oris
1147 792 1408 864 quadratus
1443 796 1643 861 egregie
1673 795 1937 847 confirmat
1964 809 2136 846 notam

247 870 310 925 ab
330 864 525 923 Achille
554 866 705 922 Tatio
727 867 957 941 politam,
989 885 1114 940 quae
1143 866 1352 919 maxillis
1383 867 1637 940 aequalem
1663 887 1779 919 cum
1804 871 1946 935 genis
1977 867 2137 920 latitu-

246 945 416 998 dinem
446 944 660 1011 affignat.
734 942 892 998 Aliter
932 946 1066 996 enim
1106 940 1255 995 ricius
1296 942 1561 1014 quadratus
1601 942 1734 995 effici
1773 956 1855 995 aut
1894 943 1990 995 dici
2029 962 2133 996 non

245 1021 418 1090 potest.
493 1021 756 1071 Hinnitum
787 1016 889 1071 fere
913 1021 1186 1090 equinum,
1226 1016 1307 1069 sed
1329 1016 1476 1084 longe
1496 1014 1755 1070 fortiorem
1778 1017 1924 1070 edere
1942 1031 2134 1086 praeter

245 1093 366 1147 alios
391 1095 589 1147 testatur
607 1096 753 1146 etiam
775 1092 1161 1161 diligentiffimus
1195 1087 1444 1162 Adanson
1469 1094 1520 1143 in
1553 1093 1805 1144 itinerario
1832 1091 2131 1157 Senegalliae

243 1188 289 1240 p.
315 1187 344 1231 7
358 1187 400 1231 3.
475 1169 645 1240 Atque
672 1185 734 1220 ex
755 1166 847 1219 hac
866 1170 1005 1220 vocis
1027 1164 1342 1219 similitudine
1365 1163 1463 1218 sola
1483 1183 1670 1218 nomen
1690 1165 2039 1237 hippopotami
2059 1168 2135 1217 in-

244 1244 404 1296 ditum
423 1240 556 1296 fuisse
588 1240 781 1295 animali
805 1239 934 1294 redie
955 1240 1118 1293 censet
1138 1236 1467 1312 Sparammm
1496 1258 1543 1311 p.
1569 1258 1690 1304 570.

256 1416 259 1419 .
386 1350 619 1406 Definam
641 1355 690 1405 in
712 1350 989 1405 enarrandis
1018 1349 1388 1422 judicandisque
1411 1351 1717 1404 vetustorum
1745 1367 1952 1421 operum
1975 1346 2134 1419 pietu-

243 1431 333 1496 ris,
376 1443 496 1499 quas
520 1426 759 1499 equidem
794 1426 1017 1479 viderim.
1111 1421 1375 1478 Lamianus
1408 1428 1460 1477 in
1493 1428 1767 1495 Praeceptis
1802 1424 2064 1476 rhetoricis
2086 1442 2133 1493 p.

247 1520 273 1569 3
296 1523 304 1552 ,ι
329 1522 368 1552 i.
391 1501 467 1554 ed.
488 1504 700 1555 Graevii.
760 1500 934 1554 Nilum
962 1497 1338 1552 incumbentem
1367 1498 1628 1553 crocodilo
1655 1514 1737 1552 aut
1766 1497 2133 1568 hippopotamo

242 1573 393 1646 pingi
405 1575 602 1630 solitum
625 1573 761 1628 fuiffe
776 1579 861 1628 ait.
940 1573 1080 1628 Talis
1113 1588 1277 1626 tamen
1303 1572 1489 1644 piciura
1510 1573 1630 1628 mihi
1650 1572 1878 1627 nondum
1901 1573 2131 1625 occurrit.

242 1653 389 1723 Opus
410 1649 738 1719 anaglyphum
760 1648 1023 1718 figulinum
1042 1649 1174 1718 apud
1186 1645 1407 1702 Got'imm
1430 1648 1513 1702 Le.
1551 1651 1762 1716 figuram
1781 1646 2129 1717 hippopotami

240 1724 348 1779 satis
364 1725 550 1778 bonam
570 1723 694 1776 facie
718 1723 831 1776 sima
849 1761 864 1786 ,
903 1726 1041 1794 aquis
1060 1741 1122 1776 ex
1144 1741 1231 1775 ore
1243 1721 1572 1776 defluentibus
1586 1723 1721 1785 fistit3
1762 1721 1912 1793 pedes
1924 1725 1971 1774 in
1988 1723 2129 1793 aquis

241 1799 511 1854 absconditi
531 1798 706 1860 latent3
741 1796 853 1865 juba
872 1797 1028 1860 nulla,
1063 1796 1216 1849 cauda
1237 1794 1396 1850 brevis
1417 1812 1627 1868 apparet.

388 1914 584 1962 Numus
616 1907 853 1962 Otaciliae
883 1911 1113 1969 Severae‚
1170 1925 1231 1960 ex
1274 1924 1377 1976 quo
1411 1907 1620 1974 figuram
1653 1905 1999 1975 hippopotami
2044 1900 2125 1954 sed

240 1987 406 2056 priore
439 1983 600 2036 multo
624 1986 874 2036 minorem
897 1979 1099 2033 exhibet
1128 1977 1513 2052 Spanheimiu5‚
1552 1979 1768 2034 frontem
1791 1976 1926 2032 “adeo
1953 1976 2125 2031 fimam

241 2079 344 2114 non
368 2059 581 2126 effingit3
635 2056 786 2130 pedes
804 2054 935 2108 divifi
955 2070 1187 2126 apparent
1207 2059 1255 2107 in
1277 2054 1440 2124 plures
1463 2053 1649 2108 duabus
1672 2052 1878 2122 ungulas
1895 2089 1908 2114 ,
1949 2050 2029 2104 sed
2051 2053 2128 2102 ni-

241 2138 335 2188 mis
355 2132 493 2186 fimul
519 2133 609 2185 fiffi
634 2131 864 2184 videntur
889 2129 1007 2190 effe,
1045 2129 1181 2201 quod
1207 2133 1258 2182 in
1281 2128 1355 2184 Cl.
1380 2125 1675 2182 Allmnandi
1696 2133 1842 2181 icone
1862 2126 2126 2196 reprehen-

242 2209 311 2261 dit
332 2212 476 2261 etiam
498 2204 840 2278 Sparrmmm.
930 2202 1099 2256 Rielus
1129 2202 1557 2273 plenussdentibus
1576 2218 1802 2274 apparet3
1861 2219 2028 2254 veram
2057 2214 2127 2251 ta-

240 2302 357 2337 men
388 2300 563 2335 eorum
586 2278 800 2333 formam
830 2282 880 2330 in
911 2282 1050 2330 numi
1073 2277 1210 2331 brevi
1234 2279 1389 2347 spatio
1419 2297 1572 2331 nemo
1600 2279 1738 2331 lanus
1766 2279 1993 2348 requiret.
2070 2278 2127 2325 In

240 2356 424 2428 pic'tura
445 2352 791 2409 Herculanensi
810 2357 876 2405 T.
898 2356 930 2404 Ι.
952 2371 996 2423 p.
1015 2358 1081 2404 26
1091 2370 1135 2418 3.
1171 2356 1307 2424 aquis
1320 2351 1481 2405 infistit
1494 2352 1903 2423 hippopotamus3
1939 2348 2126 2420 pedum

240 2437 386 2500 igitur
407 2428 564 2484 forma
592 2447 694 2481 non
715 2441 936 2497 apparet,
964 2426 1086 2480 ridlu
1106 2431 1315 2495 niagno,
1350 2442 1545 2497 aperto,
1568 2426 1796 2480 dentibus
1816 2427 1920 2479 satis
1933 2425 2125 2490 magnis

241 2521 289 2560 et
309 2509 490 2565 acutis3
528 2522 704 2557 verum
725 2502 1028 2554 exsertorum
1052 2501 1240 2553 nullum
1262 2515 1458 2571 apparet
1478 2504 1748 2570 vestigium.
1823 2502 1987 2553 Facies
2009 2496 2124 2549 suna

241 2585 308 2636 est
330 2578 631 2640 admodum,
671 2575 822 2628 cauda
847 2574 1033 2637 brevis,
1066 2589 1292 2629 extremo
1320 2577 1419 2627 fine
1445 2575 1606 2646 pilosa.
1717 2577 1791 2629 Os
1831 2574 2125 2647 quadratum

241 2657 431 2709 videtur
448 2669 651 2722 arguere
673 2654 863 2703 narium
887 2653 1234 2702 extremitasin
1258 2664 1471 2721 utroque
1494 2649 1640 2703 latere
1665 2649 2006 2719 protuberans,
2050 2648 2125 2697 in-

239 2740 359 2785 flata*
372 2745 419 2783 et
440 2728 626 2780 sursum
643 2728 838 2778 reflexa.
915 2728 1057 2776 Hanc
1077 2727 1279 2777 iconem
1301 2743 1394 2776 una
1419 2744 1534 2777 cum
1555 2724 1698 2778 altera
1721 2743 1782 2777 ex
1803 2722 2007 2779 Colosso
2027 2727 2125 2773 Va-

239 2810 404 2859 ticano
423 2805 679 2872 repetitam
712 2804 760 2852 in
791 2800 889 2850 fine
909 2797 1016 2850 libri
1042 2803 1255 2868 reperiet
1273 2797 1451 2860 lec‘ior,
1502 2798 1533 2851 fi
1560 2798 1782 2852 librarius
1806 2799 2020 2851 sumtum
2053 2792 2124 2846 fa-

239 2898 350 2933 cere
375 2881 477 2941 eius
502 2881 570 2929 rei
600 2874 753 2927 cauffa
782 2872 1005 2927 voluerit.
1119 2876 1420 2942 Comparare
1451 2873 1533 2926 has
1564 2876 1770 2927 vetustas
1801 2875 1979 2940 figuras
2004 2887 2122 2921 cum

236 2950 592 3008 recentioribus
614 2948 674 3001 ab
695 2948 857 3001 illustri
879 2944 1126 3018 Bufffflw,
1145 2945 1503 3017 Sparrmcmao
1524 2962 1571 2999 et
1591 2944 1649 3000 F
1644 2947 1832 3017 orstero
1854 2952 1979 2999 V.V.
1993 2946 2048 2997 C.
2064 2945 2125 2996 C.

240 3030 359 3083 datis
384 3041 431 3080 et
451 3025 664 3091 judicare
684 3023 745 3075 de
768 3027 824 3076 iis
847 3027 991 3075 nimis
1014 3025 1328 3075 temerarium
1354 3022 1468 3074 effet
1488 3026 1538 3074 in
1558 3021 1793 3084 homine,
1836 3024 1920 3092 qui
1952 3024 2121 3071 vivum

236 3119 319 3160 aut
343 3115 599 3158 mortuum
622 3096 800 3152 animal
824 3114 1076 3172 nunquam
1100 3097 1231 3151 vidit.
1257 3120 1290 3221 ·l
1309 3101 1423 3149 Hoc
1445 3112 1609 3151 tamen
1622 3094 1813 3152 fortasse
1834 3095 1997 3167 plures
2018 3111 2124 3146 me-

1223 3174 1264 3225 L
1333 3189 1357 3235 3
1562 3204 1564 3207 -
2004 3185 2122 3221 cum
