2571 3775
187 596 230 639 P.
252 605 321 646 ος.

177 652 322 696 Ναί).

200 1622 244 1665 Ρ.
266 1621 335 1677 96.

221 1679 304 1722 No.
324 1691 362 1732 7.

209 2083 290 2128 No.
317 2087 355 2135 8.

402 312 502 367 138
1189 307 1488 332 ''¹¹¹¹‘-

397 432 602 501 ine'ptire
628 440 677 480 et
697 421 927 482 foetuum
948 426 1126 480 rec'ens'
1145 439 1377 481 natorum
1399 425 1667 482 utriculum
1689 427 2028 485 umbilicalern
2051 432 2194 502 (testa
2213 437 2297 488 ovi

397 508 565 575 rupta)
600 521 756 556 ovum
788 502 953 554 dicere
993 500 1178 554 maluit.
1546 498 1554 511 ²
1642 503 1646 507 ’
2280 540 2289 547 .

442 588 446 591 ’
549 583 682 651 Ρίμη,
721 579 924 646 Proprie
958 573 1129 627 limam
1163 573 1426 643 fignificat,
1485 574 1645 631 latinis
1682 582 1926 650 Squatina.
2002 578 2300 652 Aristotelis

404 653 466 707 de
487 671 542 706 ea
562 652 704 706 locos
727 649 849 703 infra
871 668 989 702 cum
1013 653 1120 715 rajis
1144 668 1359 720 ponam..
1421 654 1599 704 Unum
1620 670 1682 705 ex
1708 658 1770 706 H.
1797 656 1861 707 A.
1882 659 1966 706 IX.
1991 675 2069 720 37.
2107 675 2296 726 ponam

404 727 494 781 ubi
528 728 739 799 squatina
778 724 876 777 sola
918 742 980 775 ex
1017 723 1227 792 piscibus
1268 723 1495 778 colorem
1536 741 1727 780 mutare
1767 728 1947 781 dicitur
1979 746 2031 783 ut
2068 730 2295 801 polypus,

408 808 597 857 Verum
617 799 683 852 ibi
703 795 846 853 Scoti
867 796 1024 850 verfio
1050 795 1223 859 habet,
1260 796 1656 871 nulla‘squatinae
1677 799 1799 855 fasta
1826 807 2082 859 mentione
2105 821 2189 857 aut
2214 793 2300 858 exss-

408 879 662 946 ceptione:
717 871 880 925 nullus
904 868 1067 943 piscis
1104 869 1195 923 hoc
1214 869 1381 943 faciet
1398 871 1528 941 ficut
1554 872 1699 945 jacit
1737 874 1988 948 multipes.
2083 877 2295 932 Plinius

409 953 609 1003 XXXII.
632 964 734 1016 cap.
765 965 843 997 11.
884 946 1047 1007 rhina,
1096 963 1247 1015 quem
1275 946 1500 1017 squatum
1533 966 1789 1002 vocamus.
1865 953 1966 1020 Ipse
1995 965 2160 1009 tamen
2192 952 2303 1004 ubi-

411 1042 509 1095 que
542 1024 812 1095 squatinam
849 1039 911 1072 ex
934 1016 1205 1089 Aristotele
1231 1025 1599 1089 interpretatur,
1655 1022 1839 1078 coloris
1870 1037 2038 1078 'tamen
2070 1013 2305 1079 mutatio-

411 1117 529 1151 nem
570 1095 738 1149 nullibi
775 1108 1152 1147 commemorat.
1218 1114 1220 1117 ’
1284 1090 1563 1166 Oppianus
1593 1100 1625 1148 1.
1662 1116 1787 1160 742.
1828 1100 2100 1171 squatinam
2137 1099 2304 1154 foetus

414 1174 657 1242 aperturis
679 1169 1028 1221 branchiarum
1049 1167 1133 1220 sub
1155 1166 1383 1222 lateribus
1406 1185 1630 1240 receptos
1650 1171 1948 1228 abscondere
1970 1179 2052 1238 ait,
2073 1194 2176 1228 non
2198 1194 2307 1237 ore,

415 1261 471 1299 ut
492 1246 752 1314 glaucum,
792 1261 873 1296 aut
891 1242 1019 1304 alvo,
1059 1255 1113 1294 ut
1137 1260 1312 1294 canem
1334 1248 1599 1296 marinum.

566 1316 820 1390 Sqmzmis.
868 1313 1075 1370 Alberc‘i
1098 1315 1267 1369 locum
1291 1317 1481 1370 nullum
1504 1319 1653 1371 alium
1676 1324 1822 1382 novi,
1873 1320 1957 1374 ubi
1989 1341 2176 1376 nomen
2207 1321 2308 1375 hoc

417 1398 681 1464 reperitur,
721 1392 809 1445 nifi
837 1391 967 1444 libro
995 1397 1075 1443 VI.
1105 1410 1152 1460 p.
1173 1406 1319 1456 74za.
1365 1393 1508 1462 piscis
1536 1408 1703 1446 autem
1732 1395 1930 1449 kakaloz
1962 1412 2167 1450 vocatus
2200 1399 2308 1466 post

418 1487 596 1522 omnes
622 1470 737 1521 istos
760 1466 1017 1537 pullificat,
1054 1464 1174 1517 ficut
1199 1479 1247 1517 et
1272 1467 1401 1536 apud
1422 1486 1517 1520 nos
1535 1466 1646 1520 facit
1667 1468 1788 1521 allec
1808 1485 1855 1522 et
1876 1471 1925 1521 id
1948 1472 2085 1541 quod
2107 1472 2308 1542 squame

420 1557 650 1604 vocatur,
691 1557 739 1594 et
761 1542 823 1594 de
844 1543 987 1593 Datia
1008 1542 1158 1592 venit.
1236 1541 1329 1593 Sed
1355 1540 1434 1593 hic
1456 1541 1596 1612 piscis
1621 1543 1762 1612 plane
1784 1543 1967 1597 alienus
1989 1547 2070 1598 est.

580 1612 842 1696 Ζργριψω,
882 1613 1011 1686 quali
1032 1617 1254 1694 Jugariao,
1291 1634 1318 1668 a
1340 1633 1466 1668 voce
1489 1635 1614 1687 quae
1632 1620 1807 1685 jugum
1829 1634 1876 1671 et
1901 1617 2143 1672 bilancem
2164 1619 2311 1688 figni-

422 1691 550 1742 ficat.
595 1692 773 1745 (zazaff
802 1687 1004 1742 Libella.
1051 1694 1103 1740 111
1126 1686 1416 1758 Arzstotelis
1447 1689 1562 1744 loco
1588 1691 1742 1746 dubio
1766 1697 1814 1744 Π,
1847 1713 1920 1749 ις.
1946 1693 2309 1763 autsphyraena

424 1780 505 1819 aut
530 1784 756 1832 myraena
777 1763 1060 1833 reponenda
1082 1764 1148 1816 est
1167 1781 1264 1831 pro
1281 1779 1519 1830 zygaena3
1556 1769 1839 1818 nominatur
1859 1771 1994 1819 enim
2009 1772 2133 1820 inter
2153 1769 2311 1838 pisces

427 1838 605 1907 longos
645 1860 762 1892 cum
798 1858 890 1892 acu
927 1851 974 1890 et
1015 1835 1239 1904 anguilla.
1344 1837 1512 1892 Verfio
1555 1853 1723 1892 tamen
1763 1855 1902 1894 vetus
1933 1845 2108 1909 Ygena
2147 1841 2312 1894 habet.

426 1911 706 1985 Oppianus
743 1927 888 1984 atque
919 1930 982 1964 ex
1010 1930 1073 1965 eo
1110 1907 1356 1964 Aelianus
1389 1917 1649 1966 nominant
1678 1913 1891 1969 libellam
1920 1919 2046 1969 inter
2085 1931 2222 1979 cete,
2258 1930 2314 1969 ut

434 1984 775 2060 Epicharmus
806 2002 856 2040 et
883 1986 1066 2039 medici
1099 1988 1295 2037 Graeci.

586 2058 853 2134 Αλώπηέ,
913 2058 1119 2130 Vulpes,
1180 2059 1525 2130 Αλωπεκιόις,
1594 2060 1838 2131 Vulpinus
1887 2061 2071 2117 scilicet
2129 2063 2312 2133 galeus.

426 2140 603 2190 Unum
632 2131 921 2206 Aristotelis
953 2133 1123 2188 locum
1152 2138 1214 2185 H.
1239 2136 1301 2186 A.
1322 2140 1403 2187 IX.
1433 2154 1512 2198 37.
1547 2135 1708 2188 adhuc
1729 2156 1942 2206 ponam,
1983 2138 2066 2191 ubi
2087 2141 2313 2209 piscium,

428 2215 617 2283 inquit,
658 2211 749 2273 illi,
802 2213 885 2281 qui
908 2208 1080 2278 vulpes
1110 2222 1374 2270 vocantur,
1413 2228 1531 2261 cum
1561 2212 1608 2262 se
1639 2210 1892 2277 deglutisse
1923 2211 2126 2264 hamum
2158 2215 2313 2265 sense-

430 2290 554 2348 rint,
602 2285 685 2338 fibi
717 2282 1017 2355 opitulantur
1045 2297 1098 2334 ut
1133 2281 1497 2351 scolopendrae.
1610 2287 1834 2351 Longius
1868 2304 2083 2356 namque
2117 2287 2163 2339 se
2192 2288 2327 2339 effe-·

433 2373 592 2412 rentes
628 2360 760 2412 hami
798 2358 976 2409 lineam
1005 2355 1263 2407 abrodunt.
1374 2359 1647 2425 Capiuntur
1675 2372 1842 2410 autem
1881 2360 2128 2413 nonnullis
2157 2365 2207 2413 in
2238 2360 2316 2414 lo-

435 2437 507 2486 cis
542 2437 591 2485 in
620 2437 812 2501 gurgite
843 2428 1084 2484 Ηιῑᾶυοίὸ
1113 2429 1264 2482 hamo
1295 2429 1579 2499 multiplice.
1687 2432 1843 2499 Qlod
1881 2438 2077 2503 repetiit
2103 2432 2316 2488 Plinius

434 2511 514 2561 IX.
538 2526 637 2578 cap.
659 2527 742 2569 43.
781 2504 947 2575 vulpes
968 2508 1184 2557 marinae
1198 2501 1408 2571 glutiunt
1427 2503 1635 2574 amplius
1665 2525 1820 2576 usque
1843 2508 1902 2559 ad
1924 2510 2117 2561 infirma
2138 2508 2314 2572 lineae,

438 2600 531 2653 qua
555 2580 693 2639 facile
714 2579 1017 2651 praerodant.
1095 2575 1170 2631 Cf.
1195 2583 1340 2630 etiam
1362 2575 1630 2632 Aelianum
1651 2584 1698 2631 in
1722 2585 1860 2632 Varia
1880 2584 2088 2636 Historia
2108 2588 2140 2634 Ι.
2183 2604 2225 2642 ς.
2264 2587 2314 2636 in

435 2658 558 2708 Hist.
600 2655 777 2708 animal
808 2660 887 2707 IX.
929 2670 1002 2705 12.
1069 2648 1367 2724 Oppianum
1392 2657 1464 2704 111.
1497 2671 1613 2718 144.
1650 2667 1699 2706 et
1733 2652 2073 2709 Plutarchum
2105 2657 2166 2709 de
2199 2661 2313 2711 Sera

432 2733 581 2783 Num.
629 2728 889 2784 Vindieta.·

580 2809 787 2878 Λαμίᾳ,
826 2805 1009 2856 Lamia.
1063 2796 1358 2869 Arrstoteles
1377 2802 1439 2851 H.
1463 2801 1526 2852 A.
1549 2807 1606 2854 V.
1632 2820 1672 2853 e.
1702 2821 1743 2860 ς,
1785 2804 1912 2854 inter
1939 2804 2092 2872 pisces
2123 2805 2333 2860 cartila--

378 2900 385 2911 ·
436 2881 610 2945 gineos
637 2879 852 2931 recenset
880 2880 1093 2947 primum
1118 2873 1300 2927 bovem
1335 2878 1606 2936 marinum,
1648 2875 1873 2938 lamiam,
1924 2878 2159 2948 aquilam,
2210 2895 2311 2933 tor-

436 2953 697 3021 pedinem,
736 2970 901 3005 ranam
926 2952 1164 3002 marinam
1186 2962 1236 3000 et
1254 2966 1406 3000 omne
1429 2947 1704 3001 catulorum
1719 2968 1887 3017 genus.
1924 2952 2060 3003 Idem
2074 2958 2152 3005 IX.
2173 2973 2212 3005 e.
2232 2949 2326 3016 37(

439 3029 586 3078 amias
611 3026 839 3079 dentibus
864 3023 1070 3079 fortibus
1091 3037 1296 3074 armatas
1325 3026 1563 3089 gregatim
1586 3023 1778 3076 hostem
1801 3027 2071 3091 aggressum
2088 3028 2315 3080 invadere

437 3102 529 3161 ait,
560 3103 718 3153 'etiam
748 3115 937 3173 praeter
971 3097 1085 3151 alias
1116 3095 1286 3150 bestias
1315 3094 1512 3149 lamiam
1545 3098 1810 3166 aggressam
1840 3103 1994 3153 amias
2030 3102 2175 3154 visam
2203 3100 2318 3161 effe,

2186 3192 2311 3246 quae
