2571 3775
1073 348 1362 374 ..ι-.-
2098 347 2165 407 5}

290 489 504 533 nomen,
550 470 631 524 sed
658 471 813 522 verior
839 467 1066 538 scriptura
1096 482 1144 521 et
1164 472 1357 540 antiqua
1377 463 1633 542 πηλαμῦς
1652 470 1841 523 videtur
1863 468 2011 525 fuis-se.
2086 476 2166 526 De

288 546 546 611 Pelamyde
570 544 678 595 loca
698 538 992 611 Arzstotelis
1016 546 1184 597 omnia
1206 561 1323 594 cum
1347 542 1535 609 thynno
1555 542 1694 596 fimul
1715 545 1880 613 posui,
1932 548 2166 616 quemad-

289 619 502 674 modum
519 613 726 672 Aeliani
752 630 800 668 et
818 612 1000 670 Plimi.
1115 621 1259 686 Quae
1287 631 1532 687 praeterea
1560 616 1739 671 Plinius
1770 618 1832 671 de
1866 618 2168 689 pelamidum

296 696 433 748 variis
453 688 703 760 speciebus
726 689 893 752 tradit,
938 690 1034 744 alio
1054 696 1310 757 pertinent.

434 758 694 839 Κορδύλη,
735 779 784 817 et
821 759 1126 841 Σκορδύλζη,
1166 764 1321 818 latinis
1357 764 1582 832 Cordyl‘a.
1659 768 1890 820 Nominis
1925 769 2169 834 originem

283 852 337 892 et
354 836 758 904 significationem
779 842 1084 907 ignoramus..
1163 837 1459 910 Aristotelis
1487 840 1657 893 locum
1690 842 1751 894 de
1779 859 1835 894 ea
1862 843 1996 912 supra
2029 842 2169 911 posui

283 930 348 965 ex
369 912 493 965 libro
518 917 592 965 VI.
624 932 698 976 ¹7·
776 918 943 968 Locus
964 914 1025 967 ab
1054 911 1277 968 Artedio
1309 914 1476 967 allatus
1498 933 1558 967 ex
1578 914 1703 969 libro
1727 920 1911 968 V111.*2.-.
1944 920 2170 969 nominat

274 985 363 1039 -ille
385 986 586 1058 quidem
603 986 910 1054 stordfflum,
951 989 1034 1042 sed
1053 989 1230 1042 animal
1251 989 1556 1061 quadrupeS‚
1604 989 1754 1042 hodie
1788 995 2045 1058 ignotum,
2083 989 2169 1045 nifi

275 1059 411 1114 ,larva
437 1079 580 1114 ranae
611 1060 916 1130 intelligitur,
965 1064 1106 1134 quod
1134 1077 1284 1133 puto,
1329 1062 1599 1126 branchiis,
1646 1082 1750 1118 non
1789 1063 2054 1134 pulmone,
2092 1068 2166 1117 in-

279 1133 547 1198 structum,
590 1139 674 1207 qui
709 1136 919 1205 egressus
949 1155 1074 1208 aqua
1106 1137 1274 1190 cibum
1306 1140 1356 1189 in
1386 1151 1510 1189 terra
1541 1140 1674 1208 petit.
1785 1142 1983 1192 Locum
2015 1138 2166 1206 vulgo

281 1208 701 1264 mancum-Gaza
721 1214 1043 1279 integriorem
1062 1210 1234 1265 habuit
1261 1216 1310 1264 in
1338 1212 1429 1264 suo
1447 1213 1664 1274 Codice,
1724 1231 1841 1264 cum
1873 1231 1976 1284 quo
2003 1213 2166 1266 Medi-

275 1301 427 1346 ceus,
473 1298 614 1336 vetus
637 1284 792 1338 verfio
815 1300 862 1338 et
887 1282 1134 1340 Albertus
1163 1287 1429 1349 consentit,
1468 1291 1553 1357 qui
1589 1283 1834 1359 Codylum
1855 1291 2078 1341 nominat
2100 1286 2162 1340 ab

274 1358 386 1411 >aliis
401 1355 569 1430 fhn‘oz
598 1364 866 1429 nuncupari
897 1360 1112 1422 addens;
1161 1357 1305 1415 Scoti
1336 1359 1490 1413 verfio
1521 1357 1744 1414 Codolor
1772 1361 1930 1415 habet.
2004 1362 2164 1416 Video

276 1437 449 1485 *tamen
470 1432 571 1486 hoc
591 1452 777 1487 nomen
799 1435 962 1487 aniam
983 1435 1175 1488 errandi
1195 1434 1376 1488 dedisse
1398 1439 1545 1488 etiam
1569 1434 1755 1489 audlori
1787 1435 1969 1504 gallico
1987 1437 2050 1489 de
2080 1455 2165 1489 na-

268 1520 388 1559 tura
414 1526 579 1560 rerum
607 1507 741 1578 apud
769 1506 1093 1563 Vincentimn
1114 1514 1259 1562 XVII.
1289 1528 1390 1579 cap.
1421 1527 1542 1572 132.
1567 1546 1571 1552 «
1621 1515 1669 1562 Is
1698 1514 1831 1563 enim
1862 1512 1924 1562 de
1958 1511 2164 1578 thynno,

278 1584 329 1633 in
366 1586 515 1644 mari,
564 1587 746 1654 inquit,
795 1580 1031 1637 foetificat
1076 1588 1293 1647 tantum,
1341 1583 1423 1637 sed
1474 1587 1524 1636 in
1577 1597 1758 1637 terram
1816 1589 1915 1638 exit
1973 1586 2033 1637 ad
2078 1603 2162 1655 pa*

276 1657 421 1709 stum.
500 1656 743 1724 Cordylus
768 1654 1006 1730 Oppiani
1026 1663 1060 1711 I.
1090 1666 1209 1719 306.
1244 1662 1466 1711 marinus
1487 1677 1603 1712 cum
1632 1658 1817 1729 polypis
1840 1673 1888 1712 et
1910 1659 2166 1730 scolopen-

268 1730 364 1783 dra
398 1736 683 1784 nominat-us
724 1751 827 1785 non
872 1733 1007 1785 idem
1055 1733 1149 1786 esse
1200 1733 1320 1786 mihi
1364 1733 1570 1787 videtur.
1683 1730 1854 1787 Plinii
1890 1734 2061 1788 locum
2101 1735 2164 1788 de

265 1804 477 1871 ,cordyla
505 1806 644 1875 supra
664 1807 833 1876 posui3
885 1806 1003 1860 alter
1026 1809 1176 1861 exstat
1203 1812 1402 1860 XXXII.
1432 1826 1534 1878 cap.
1564 1827 1583 1859 1
1605 1827 1642 1860 1.
1674 1807 1915 1875 Cordyla,
1957 1824 2007 1862 et
2041 1809 2164 1863 haec

276 1879 479 1949 pelam-is
503 1879 664 1950 pusilla
693 1900 811 1934 cum
839 1885 889 1934 in
908 1886 1125 1936 Pontum
1155 1901 1182 1935 e
1209 1882 1461 1936 Maeotide
1490 1887 1620 1945 exit,
1654 1883 1757 1937 hoc
1781 1902 1967 1938 nomen
2000 1883 2162 1938 habet.

278 1951 558 2008 Martialis-
576 1960 655 2006 XI.
677 1960 827 2026 epigr.
853 1976 872 2014 ς
891 1974 935 2016 3.
972 1976 1096 2010 mox
1118 1971 1288 2020 vetus,
1324 1972 1372 2010 et
1403 1961 1538 2010 tenui
1559 1961 1717 2020 maior
1741 1958 1935 2025 cordyla
1957 1958 2160 2022 lacert0‚

278 2028 362 2081 sed
388 2046 536 2100 quam
561 2048 681 2081 cum
700 2045 834 2082 rutae
854 2027 1110 2084 frondibus
1135 2050 1228 2085 ova
1250 2045 1427 2099 tegant.
1507 2032 1727 2084 Eandem
1747 2037 1870 2085 inter
1885 2032 2161 2086 salsamenta

276 2100 525 2157 memorat
547 2108 622 2155 III.
657 2121 700 2155 2.
733 2109 853 2156 XIII.
890 2124 928 2156 r.
1012 2101 1207 2160 Strabo
1249 2125 1341 2176 pro
1373 2105 1584 2173 cordylis
1613 2110 1835 2160 nominat
1867 2106 2162 2177 pelarnidess

276 2194 448 2229 earum
471 2181 604 2229 enim
627 2181 691 2230 ait
711 2178 805 2231 effe
827 2183 1199 2246 generationem
1217 2183 1267 2231 in
1285 2183 1543 2234 Maeoticis
1565 2180 1849 2250 paludibus3
1900 2182 2013 2235 inde
2041 2201 2160 2235 cum

276 2251 540 2305 modicum
593 2256 929 2315 excreverint,-
989 2272 1253 2322 erumpere
1295 2272 1444 2322 grege
1489 2253 1623 2309 fado
1667 2275 1812 2326 peros
1868 2258 2051 2327 ipsum,
2101 2274 2159 2310 ac

274 2333 484 2395 propter
519 2325 631 2378 litus
649 2326 918 2380 Afiaticum
948 2329 1102 2400 usque
1141 2329 1201 2381 ad
1241 2332 1611 2399 Trapezuntem
1641 2348 1698 2382 ac
1728 2330 2043 2384 Pharnaciam
2073 2350 2159 2384 ex-

275 2418 485 2454 curreze.
561 2404 693 2453 Hinc
714 2405 922 2471 primam
950 2420 1121 2455 earum
1141 2406 1457 2457 venationem
1479 2405 1709 2467 existere,
1749 2424 1851 2459 non
1875 2420 2039 2459 tamen
2075 2426 2164 2460 co·-

274 2475 462 2546 piosan
476 2512 490 2537 ,
532 2490 730 2545 propter
749 2476 886 2546 piscis
904 2480 1209 2546 parvitatem.
1283 2481 1355 2530 Ut
1376 2496 1494 2533 vero
1517 2478 1581 2530 adv
1602 2483 1835 2551 Sinopen]
1854 2485 2055 2551 propius
2078 2499 2160 2534 ac-

274 2551 500 2605 cesserim
532 2563 580 2601 et
599 2554 708 2617 capi
737 2564 785 2603 et
806 2550 923 2603 saliri
954 2554 1051 2612 iam
1084 2555 1392 2606 maturiores.
1498 2555 1760 2625 Postquam
1784 2573 1909 2608 -vero
1941 2559 2160 2623 Cyaneas

261 2623 447 2678 insulas
478 2626 744 2691 attigerint,
799 2625 1190 2698 trani-ierintque‚
1243 2645 1305 2679 ex
1342 2631 1443 2697 ripa
1474 2627 1807 2684 Chalcedonia
1846 2629 2005 2684 subito
2041 2650 2158 2685 cum

271 2718 380 2755 mar
401 2719 420 2752 ς
444 2703 579 2751 fluxu
601 2699 660 2751 ad
682 2697 794 2752 litus
820 2704 1140 2765 Byzantinum
1162 2700 1438 2755 deflectere.
1525 2703 1734 2757 Eas-dem
1763 2703 2029 2774 pelamides
2064 2724 2158 2775 pro

274 2774 486 2840 cordylis
522 2778 744 2826 nominat
768 2770 1046 2845 Oppianus
1063 2781 1139 2828 IV.
1171 2795 1270 2839 503
1299 2778 1428 2848 seqq.
1473 2776 1679 2844 thynna,
1719 2783 1902 2850 inquit,
1941 2784 1969 2831 i.
2002 2798 2042 2832 e.
2087 2778 2163 2832 fe-

272 2854 407 2901 mira
426 2849 620 2911 thynni,
661 2849 930 2917 pelamides
962 2854 1084 2918 parit
1112 2854 1160 2903 in
1194 2855 1354 2905 Ponto
1382 2856 1580 2906 Euxino
1601 2856 1725 2905 circa
1756 2855 1933 2907 ostium
1965 2853 2157 2922 paludis

269 2927 329 2978 M
346 2925 562 2982 ieotidiS,
596 2942 698 2994 quo
720 2927 839 2975 mari
863 2926 1188 2992 coniungitur.
1277 2928 1385 2979 Ova
1407 2926 1532 2978 edita
1556 2931 1733 2996 partim
1751 2942 1928 2979 matres
1952 2927 2155 2981 sedlatae

255 2997 534 3058 ,drvorann
554 3001 728 3064 partim
749 3002 873 3050 inter
895 2999 1154 3053 arundines
1175 3014 1222 3053 et
1241 3003 1414 3062 iuncos
1436 3000 1628 3053 detenta
1642 3003 1989 3069 perficiuntur,
2028 3022 2153 3056 mox

270 3087 437 3127 autem
463 3087 514 3125 ut
537 3088 599 3121 ex
625 3075 729 3124 ovis
756 3071 802 3123 hi
827 3074 1093 3142 pisces-nati
1112 3075 1245 3137 sunt,
1281 3073 1493 3127 natalem*
1511 3073 1679 3128 locum
1703 3075 1997 3147 relinquunt.
2072 3079 2151 3132 Est

268 3162 438 3204 autem
469 3146 677 3204 recessus
706 3146 907 3221 quidam
929 3147 1135 3204 Thracii
1161 3153 1309 3204 maris
1342 3149 1642 3219 protundus,
1680 3153 1832 3220 Niger
1868 3150 2149 3224 appellatus,

1244 3228 1295 3280 H
1338 3243 1362 3288 3
1990 3226 2151 3282 idem-

2248 764 2294 816 ν)
