<?xml version="1.0" encoding="UTF-8"?>
<!DOCTYPE html PUBLIC "-//W3C//DTD XHTML 1.0 Transitional//EN"
    "http://www.w3.org/TR/xhtml1/DTD/xhtml1-transitional.dtd">
<html xmlns="http://www.w3.org/1999/xhtml" xml:lang="en" lang="en">
 <head>
  <title>
</title>
<meta http-equiv="Content-Type" content="text/html;charset=utf-8" />
  <meta name='ocr-system' content='tesseract 3.04.00' />
  <meta name='ocr-capabilities' content='ocr_page ocr_carea ocr_par ocr_line ocrx_word'/>
</head>
<body>
  <div class='ocr_page' id='page_1' title='image "./synonymiapiscium00arte_0131.png"; bbox 0 0 2571 3775; ppageno 0'>
   <div class='ocr_carea' id='block_1_1' title="bbox 1004 341 1298 368">
    <p class='ocr_par' dir='ltr' id='par_1_1' title="bbox 1004 341 1298 368">
     <span class='ocr_line' id='line_1_1' title="bbox 1004 341 1298 368; baseline 0 0"><span class='ocrx_word' id='word_1_1' title='bbox 1004 341 1298 368; x_wconf 95' lang='lat' dir='ltr'> </span> 
     </span>
    </p>
   </div>
   <div class='ocr_carea' id='block_1_2' title="bbox 1004 369 1295 379">
    <p class='ocr_par' dir='ltr' id='par_1_2' title="bbox 1004 369 1295 379">
     <span class='ocr_line' id='line_1_2' title="bbox 1004 369 1295 379; baseline 0 3396"><span class='ocrx_word' id='word_1_2' title='bbox 1004 369 1295 379; x_wconf 95' lang='lat' dir='ltr'> </span> 
     </span>
    </p>
   </div>
   <div class='ocr_carea' id='block_1_3' title="bbox 1999 339 2112 402">
    <p class='ocr_par' dir='ltr' id='par_1_3' title="bbox 1999 339 2112 402">
     <span class='ocr_line' id='line_1_3' title="bbox 1999 339 2112 402; baseline -0.027 -11"><span class='ocrx_word' id='word_1_3' title='bbox 1999 339 2112 402; x_wconf 64' lang='lat'>3117</span> 
     </span>
    </p>
   </div>
   <div class='ocr_carea' id='block_1_4' title="bbox 216 452 2119 1205">
    <p class='ocr_par' dir='ltr' id='par_1_4' title="bbox 216 452 2119 1205">
     <span class='ocr_line' id='line_1_4' title="bbox 223 452 2119 533; baseline -0.009 -8"><span class='ocrx_word' id='word_1_4' title='bbox 223 472 295 526; x_wconf 81' lang='lat' dir='ltr'>Ita</span> <span class='ocrx_word' id='word_1_5' title='bbox 313 470 448 523; x_wconf 86' lang='lat' dir='ltr'>enim</span> <span class='ocrx_word' id='word_1_6' title='bbox 471 465 552 519; x_wconf 86' lang='lat' dir='ltr'>hic</span> <span class='ocrx_word' id='word_1_7' title='bbox 577 457 1066 517; x_wconf 77' lang='lat' dir='ltr'>&#39;etiamscribendum</span> <span class='ocrx_word' id='word_1_8' title='bbox 1089 460 1172 512; x_wconf 88' lang='lat' dir='ltr'>est.</span> <span class='ocrx_word' id='word_1_9' title='bbox 1253 454 1561 514; x_wconf 69' lang='lat' dir='ltr'><em>Vincentius</em></span> <span class='ocrx_word' id='word_1_10' title='bbox 1583 462 1727 514; x_wconf 87' lang='lat' dir='ltr'>XVII.</span> <span class='ocrx_word' id='word_1_11' title='bbox 1748 477 1853 533; x_wconf 79' lang='lat' dir='ltr'>cap.</span> <span class='ocrx_word' id='word_1_12' title='bbox 1871 477 1959 529; x_wconf 81' lang='lat'>40,</span> <span class='ocrx_word' id='word_1_13' title='bbox 2016 452 2119 519; x_wconf 69' lang='lat' dir='ltr'>Ca-</span> 
     </span>
     <span class='ocr_line' id='line_1_5' title="bbox 223 531 2114 616; baseline -0.006 -18"><span class='ocrx_word' id='word_1_14' title='bbox 223 549 404 616; x_wconf 84' lang='lat' dir='ltr'>pitatus</span> <span class='ocrx_word' id='word_1_15' title='bbox 426 544 493 594; x_wconf 87' lang='lat' dir='ltr'>est</span> <span class='ocrx_word' id='word_1_16' title='bbox 521 539 659 608; x_wconf 87' lang='lat' dir='ltr'>piscis</span> <span class='ocrx_word' id='word_1_17' title='bbox 688 533 965 587; x_wconf 82' lang='lat' dir='ltr'>admodum</span> <span class='ocrx_word' id='word_1_18' title='bbox 985 547 1166 603; x_wconf 76' lang='lat' dir='ltr'>parvus</span> <span class='ocrx_word' id='word_1_19' title='bbox 1184 531 1533 604; x_wconf 82' lang='lat' dir='ltr'>habenscaput</span> <span class='ocrx_word' id='word_1_20' title='bbox 1552 554 1710 606; x_wconf 87' lang='lat' dir='ltr'>prope</span> <span class='ocrx_word' id='word_1_21' title='bbox 1734 537 1795 589; x_wconf 88' lang='lat' dir='ltr'>ad</span> <span class='ocrx_word' id='word_1_22' title='bbox 1805 538 1977 608; x_wconf 79' lang='lat' dir='ltr'>reliqui</span> <span class='ocrx_word' id='word_1_23' title='bbox 2001 558 2114 593; x_wconf 83' lang='lat' dir='ltr'>cor-</span> 
     </span>
     <span class='ocr_line' id='line_1_6' title="bbox 222 609 2117 690; baseline -0.013 -3"><span class='ocrx_word' id='word_1_24' title='bbox 222 623 362 690; x_wconf 70' lang='lat' dir='ltr'>POsiS</span> <span class='ocrx_word' id='word_1_25' title='bbox 379 609 795 680; x_wconf 65' lang='lat' dir='ltr'>sslflgniffldissessl,</span> <span class='ocrx_word' id='word_1_26' title='bbox 833 628 892 663; x_wconf 79' lang='lat' dir='ltr'>OS</span> <span class='ocrx_word' id='word_1_27' title='bbox 916 617 1120 680; x_wconf 76' lang='lat' dir='ltr'>quoque</span> <span class='ocrx_word' id='word_1_28' title='bbox 1140 609 1413 663; x_wconf 85' lang='lat' dir='ltr'>rotundum</span> <span class='ocrx_word' id='word_1_29' title='bbox 1442 622 1495 661; x_wconf 85' lang='lat' dir='ltr'>et</span> <span class='ocrx_word' id='word_1_30' title='bbox 1519 610 1773 680; x_wconf 85' lang='lat' dir='ltr'>amplum3</span> <span class='ocrx_word' id='word_1_31' title='bbox 1826 610 1908 663; x_wconf 89' lang='lat' dir='ltr'>hic</span> <span class='ocrx_word' id='word_1_32' title='bbox 1938 616 1987 664; x_wconf 87' lang='lat' dir='ltr'>in</span> <span class='ocrx_word' id='word_1_33' title='bbox 2017 616 2117 664; x_wconf 82' lang='lat' dir='ltr'>flu-</span> 
     </span>
     <span class='ocr_line' id='line_1_7' title="bbox 223 681 2109 753; baseline -0.013 -8"><span class='ocrx_word' id='word_1_34' title='bbox 223 694 312 748; x_wconf 85' lang='lat' dir='ltr'>viis</span> <span class='ocrx_word' id='word_1_35' title='bbox 331 688 557 742; x_wconf 82' lang='lat' dir='ltr'>habitans</span> <span class='ocrx_word' id='word_1_36' title='bbox 577 682 785 736; x_wconf 80' lang='lat' dir='ltr'><strong>libenter</strong></span> <span class='ocrx_word' id='word_1_37' title='bbox 815 681 902 735; x_wconf 89' lang='lat' dir='ltr'>sub</span> <span class='ocrx_word' id='word_1_38' title='bbox 931 681 1179 753; x_wconf 81' lang='lat' dir='ltr'>lapidibus</span> <span class='ocrx_word' id='word_1_39' title='bbox 1197 697 1246 735; x_wconf 89' lang='lat' dir='ltr'>et</span> <span class='ocrx_word' id='word_1_40' title='bbox 1263 685 1393 737; x_wconf 74' lang='lat' dir='ltr'>inter</span> <span class='ocrx_word' id='word_1_41' title='bbox 1411 684 1521 736; x_wconf 64' lang='lat' dir='ltr'>fivia</span> <span class='ocrx_word' id='word_1_42' title='bbox 1540 684 1784 738; x_wconf 73' lang='lat' dir='ltr'>delitescit,</span> <span class='ocrx_word' id='word_1_43' title='bbox 1870 681 2109 738; x_wconf 55' lang='lat' dir='ltr'>Albgrtm</span> 
     </span>
     <span class='ocr_line' id='line_1_8' title="bbox 218 757 2117 830; baseline -0.012 -6"><span class='ocrx_word' id='word_1_44' title='bbox 218 769 398 823; x_wconf 85' lang='lat' dir='ltr'>XXIV.</span> <span class='ocrx_word' id='word_1_45' title='bbox 421 779 467 830; x_wconf 83' lang='lat' dir='ltr'>p.</span> <span class='ocrx_word' id='word_1_46' title='bbox 494 777 560 822; x_wconf 84' lang='lat'>24</span> <span class='ocrx_word' id='word_1_47' title='bbox 577 778 631 809; x_wconf 55' lang='grc' dir='ltr'>ιι</span> <span class='ocrx_word' id='word_1_48' title='bbox 693 759 931 827; x_wconf 81' lang='lat' dir='ltr'>Captatus</span> <span class='ocrx_word' id='word_1_49' title='bbox 946 758 1089 828; x_wconf 76' lang='lat' dir='ltr'>piscis</span> <span class='ocrx_word' id='word_1_50' title='bbox 1113 759 1180 812; x_wconf 88' lang='lat' dir='ltr'>est</span> <span class='ocrx_word' id='word_1_51' title='bbox 1198 772 1373 820; x_wconf 80' lang='lat' dir='ltr'>notus,</span> <span class='ocrx_word' id='word_1_52' title='bbox 1416 757 1557 823; x_wconf 79' lang='lat' dir='ltr'>valde</span> <span class='ocrx_word' id='word_1_53' title='bbox 1578 758 1928 829; x_wconf 72' lang='lat' dir='ltr'>multiplicatur</span> <span class='ocrx_word' id='word_1_54' title='bbox 1949 763 1997 812; x_wconf 88' lang='lat' dir='ltr'>in</span> <span class='ocrx_word' id='word_1_55' title='bbox 2016 762 2117 812; x_wconf 85' lang='lat' dir='ltr'>flu-</span> 
     </span>
     <span class='ocr_line' id='line_1_9' title="bbox 219 830 2113 902; baseline -0.016 -10"><span class='ocrx_word' id='word_1_56' title='bbox 219 842 311 892; x_wconf 82' lang='lat' dir='ltr'>viis</span> <span class='ocrx_word' id='word_1_57' title='bbox 333 836 629 891; x_wconf 79' lang='lat' dir='ltr'><strong>Germaniae</strong></span> <span class='ocrx_word' id='word_1_58' title='bbox 649 846 697 885; x_wconf 87' lang='lat' dir='ltr'>et</span> <span class='ocrx_word' id='word_1_59' title='bbox 720 830 925 885; x_wconf 51' lang='lat' dir='ltr'>Galliae.⁴</span> <span class='ocrx_word' id='word_1_60' title='bbox 997 834 1162 902; x_wconf 84' lang='lat' dir='ltr'>Caput</span> <span class='ocrx_word' id='word_1_61' title='bbox 1190 831 1336 886; x_wconf 86' lang='lat' dir='ltr'>habet</span> <span class='ocrx_word' id='word_1_62' title='bbox 1355 831 1455 885; x_wconf 88' lang='lat' dir='ltr'>fere</span> <span class='ocrx_word' id='word_1_63' title='bbox 1484 833 1547 886; x_wconf 83' lang='lat' dir='ltr'>ad</span> <span class='ocrx_word' id='word_1_64' title='bbox 1575 834 1970 902; x_wconf 78' lang='lat' dir='ltr'>magnitudinem</span> <span class='ocrx_word' id='word_1_65' title='bbox 1998 833 2113 886; x_wconf 57' lang='lat' dir='ltr'>reli„</span> 
     </span>
     <span class='ocr_line' id='line_1_10' title="bbox 216 906 2113 984; baseline -0.006 -13"><span class='ocrx_word' id='word_1_66' title='bbox 216 916 302 984; x_wconf 81' lang='lat' dir='ltr'>qui</span> <span class='ocrx_word' id='word_1_67' title='bbox 326 914 475 963; x_wconf 86' lang='lat' dir='ltr'>totius</span> <span class='ocrx_word' id='word_1_68' title='bbox 497 910 739 976; x_wconf 81' lang='lat' dir='ltr'>corporis.</span> <span class='ocrx_word' id='word_1_69' title='bbox 811 907 964 975; x_wconf 84' lang='lat' dir='ltr'>Niger</span> <span class='ocrx_word' id='word_1_70' title='bbox 981 920 1151 960; x_wconf 87' lang='lat' dir='ltr'>autem</span> <span class='ocrx_word' id='word_1_71' title='bbox 1172 909 1241 960; x_wconf 90' lang='lat' dir='ltr'>est</span> <span class='ocrx_word' id='word_1_72' title='bbox 1260 906 1335 960; x_wconf 93' lang='lat' dir='ltr'>vel</span> <span class='ocrx_word' id='word_1_73' title='bbox 1356 906 1542 970; x_wconf 81' lang='lat' dir='ltr'>fuscus,</span> <span class='ocrx_word' id='word_1_74' title='bbox 1595 907 1683 960; x_wconf 88' lang='lat' dir='ltr'>sub</span> <span class='ocrx_word' id='word_1_75' title='bbox 1718 907 1963 978; x_wconf 71' lang='lat' dir='ltr'>lapidibus</span> <span class='ocrx_word' id='word_1_76' title='bbox 1988 907 2113 961; x_wconf 83' lang='lat' dir='ltr'>deli-</span> 
     </span>
     <span class='ocr_line' id='line_1_11' title="bbox 216 980 2106 1053; baseline -0.01 -9"><span class='ocrx_word' id='word_1_77' title='bbox 216 987 428 1040; x_wconf 77' lang='lat' dir='ltr'>tescens:</span> <span class='ocrx_word' id='word_1_78' title='bbox 469 1001 590 1035; x_wconf 38' lang='lat' dir='ltr'>caro*</span> <span class='ocrx_word' id='word_1_79' title='bbox 617 986 704 1048; x_wconf 88' lang='lat' dir='ltr'>(an</span> <span class='ocrx_word' id='word_1_80' title='bbox 725 999 836 1033; x_wconf 87' lang='lat' dir='ltr'>raro</span> <span class='ocrx_word' id='word_1_81' title='bbox 850 980 896 1047; x_wconf 75' lang='grc' dir='ltr'>Ρ)</span> <span class='ocrx_word' id='word_1_82' title='bbox 926 980 1232 1051; x_wconf 66' lang='lat' dir='ltr'>stmipedalis</span> <span class='ocrx_word' id='word_1_83' title='bbox 1251 986 1556 1053; x_wconf 78' lang='lat' dir='ltr'>quantitati3‚</span> <span class='ocrx_word' id='word_1_84' title='bbox 1593 981 1754 1036; x_wconf 89' lang='lat' dir='ltr'>bonae</span> <span class='ocrx_word' id='word_1_85' title='bbox 1783 987 2106 1037; x_wconf 81' lang='lat' dir='ltr'>commixtio..</span> 
     </span>
     <span class='ocr_line' id='line_1_12' title="bbox 216 1054 2111 1128; baseline -0.004 -13"><span class='ocrx_word' id='word_1_86' title='bbox 216 1065 293 1116; x_wconf 86' lang='lat' dir='ltr'>nis</span> <span class='ocrx_word' id='word_1_87' title='bbox 317 1074 364 1112; x_wconf 91' lang='lat' dir='ltr'>et</span> <span class='ocrx_word' id='word_1_88' title='bbox 382 1059 532 1110; x_wconf 87' lang='lat' dir='ltr'>durae</span> <span class='ocrx_word' id='word_1_89' title='bbox 555 1059 725 1108; x_wconf 83' lang='lat' dir='ltr'>carnis.</span> <span class='ocrx_word' id='word_1_90' title='bbox 801 1059 1029 1123; x_wconf 80' lang='lat' dir='ltr'>Figuram</span> <span class='ocrx_word' id='word_1_91' title='bbox 1051 1055 1182 1127; x_wconf 87' lang='lat' dir='ltr'>quafi</span> <span class='ocrx_word' id='word_1_92' title='bbox 1201 1054 1364 1109; x_wconf 85' lang='lat' dir='ltr'>clavae</span> <span class='ocrx_word' id='word_1_93' title='bbox 1382 1055 1595 1119; x_wconf 80' lang='lat' dir='ltr'>habens,</span> <span class='ocrx_word' id='word_1_94' title='bbox 1635 1072 1685 1109; x_wconf 84' lang='lat' dir='ltr'>et</span> <span class='ocrx_word' id='word_1_95' title='bbox 1717 1060 2111 1128; x_wconf 57' lang='lat' dir='ltr'>majorisiquan-</span> 
     </span>
     <span class='ocr_line' id='line_1_13' title="bbox 217 1129 2111 1205; baseline -0.005 -18"><span class='ocrx_word' id='word_1_96' title='bbox 217 1138 364 1188; x_wconf 81' lang='lat' dir='ltr'>titatis</span> <span class='ocrx_word' id='word_1_97' title='bbox 389 1135 630 1185; x_wconf 76' lang='lat' dir='ltr'>invenitur</span> <span class='ocrx_word' id='word_1_98' title='bbox 649 1134 700 1185; x_wconf 87' lang='lat' dir='ltr'>in</span> <span class='ocrx_word' id='word_1_99' title='bbox 719 1129 955 1185; x_wconf 84' lang='lat' dir='ltr'>Danubio</span> <span class='ocrx_word' id='word_1_100' title='bbox 978 1144 1028 1184; x_wconf 91' lang='lat' dir='ltr'>et</span> <span class='ocrx_word' id='word_1_101' title='bbox 1053 1134 1187 1203; x_wconf 81' lang='lat' dir='ltr'>aquis</span> <span class='ocrx_word' id='word_1_102' title='bbox 1206 1129 1510 1188; x_wconf 87' lang='lat' dir='ltr'>Danubium·</span> <span class='ocrx_word' id='word_1_103' title='bbox 1526 1131 1846 1188; x_wconf 84' lang='lat' dir='ltr'>influentibus</span> <span class='ocrx_word' id='word_1_104' title='bbox 1879 1150 2029 1205; x_wconf 85' lang='lat' dir='ltr'>quam</span> <span class='ocrx_word' id='word_1_105' title='bbox 2057 1135 2111 1184; x_wconf 75' lang='lat' dir='ltr'>in</span> 
     </span>
    </p>
   </div>
   <div class='ocr_carea' id='block_1_5' title="bbox 217 1208 495 1279">
    <p class='ocr_par' dir='ltr' id='par_1_5' title="bbox 217 1208 495 1279">
     <span class='ocr_line' id='line_1_14' title="bbox 217 1208 495 1279; baseline -0.014 -16"><span class='ocrx_word' id='word_1_106' title='bbox 217 1208 321 1263; x_wconf 78' lang='lat' dir='ltr'>aliis</span> <span class='ocrx_word' id='word_1_107' title='bbox 340 1211 495 1279; x_wconf 80' lang='lat' dir='ltr'>aquis.</span> 
     </span>
    </p>
   </div>
   <div class='ocr_carea' id='block_1_6' title="bbox 201 1308 2352 2579">
    <p class='ocr_par' dir='ltr' id='par_1_6' title="bbox 359 1308 2317 1390">
     <span class='ocr_line' id='line_1_15' title="bbox 359 1308 2317 1390; baseline -0.004 -14"><span class='ocrx_word' id='word_1_108' title='bbox 359 1309 643 1383; x_wconf 70' lang='grc' dir='ltr'><em>Χαλκεῦς,</em></span> <span class='ocrx_word' id='word_1_109' title='bbox 670 1316 699 1366; x_wconf 84' lang='lat' dir='ltr'>i·</span> <span class='ocrx_word' id='word_1_110' title='bbox 723 1332 764 1366; x_wconf 86' lang='lat' dir='ltr'>e·</span> <span class='ocrx_word' id='word_1_111' title='bbox 803 1311 968 1372; x_wconf 75' lang='lat' dir='ltr'>Faber.</span> <span class='ocrx_word' id='word_1_112' title='bbox 1001 1309 1290 1384; x_wconf 55' lang='lat' dir='ltr'>Aristoteles</span> <span class='ocrx_word' id='word_1_113' title='bbox 1317 1318 1382 1368; x_wconf 91' lang='lat' dir='ltr'>H.</span> <span class='ocrx_word' id='word_1_114' title='bbox 1404 1316 1468 1368; x_wconf 83' lang='lat' dir='ltr'>A.</span> <span class='ocrx_word' id='word_1_115' title='bbox 1496 1308 1579 1370; x_wconf 82' lang='lat' dir='ltr'>IV.</span> <span class='ocrx_word' id='word_1_116' title='bbox 1601 1335 1650 1382; x_wconf 86' lang='lat'>9.</span> <span class='ocrx_word' id='word_1_117' title='bbox 1697 1318 1746 1370; x_wconf 87' lang='lat' dir='ltr'>et</span> <span class='ocrx_word' id='word_1_118' title='bbox 1767 1334 1917 1371; x_wconf 79' lang='lat' dir='ltr'>exeo</span> <span class='ocrx_word' id='word_1_119' title='bbox 1935 1311 2106 1370; x_wconf 78' lang='lat' dir='ltr'>Aelz&#39;a-</span> <span class='ocrx_word' id='word_1_120' title='bbox 2187 1310 2228 1352; x_wconf 75' lang='lat' dir='ltr'>P.</span> <span class='ocrx_word' id='word_1_121' title='bbox 2248 1310 2317 1390; x_wconf 63' lang='lat'>7}-</span> 
     </span>
    </p>

    <p class='ocr_par' dir='ltr' id='par_1_7' title="bbox 201 1369 2352 2579">
     <span class='ocr_line' id='line_1_16' title="bbox 213 1369 2352 1461; baseline -0.001 -14"><span class='ocrx_word' id='word_1_122' title='bbox 213 1409 311 1447; x_wconf 68' lang='grc' dir='ltr'>πως</span> <span class='ocrx_word' id='word_1_123' title='bbox 331 1396 391 1444; x_wconf 89' lang='lat' dir='ltr'>X.</span> <span class='ocrx_word' id='word_1_124' title='bbox 432 1413 447 1443; x_wconf 86' lang='lat'>1</span> <span class='ocrx_word' id='word_1_125' title='bbox 467 1410 508 1442; x_wconf 87' lang='lat'>1.</span> <span class='ocrx_word' id='word_1_126' title='bbox 543 1395 668 1443; x_wconf 77' lang='lat' dir='ltr'>inter</span> <span class='ocrx_word' id='word_1_127' title='bbox 687 1389 840 1458; x_wconf 79' lang='lat' dir='ltr'>pisces</span> <span class='ocrx_word' id='word_1_128' title='bbox 865 1387 1063 1444; x_wconf 85' lang='lat' dir='ltr'>vocales</span> <span class='ocrx_word' id='word_1_129' title='bbox 1081 1387 1243 1441; x_wconf 70' lang='lat' dir='ltr'>referi.</span> <span class='ocrx_word' id='word_1_130' title='bbox 1318 1389 1387 1443; x_wconf 92' lang='lat' dir='ltr'>lbi</span> <span class='ocrx_word' id='word_1_131' title='bbox 1411 1394 1543 1443; x_wconf 88' lang='lat' dir='ltr'>enim</span> <span class='ocrx_word' id='word_1_132' title='bbox 1563 1410 1657 1461; x_wconf 90' lang='lat' dir='ltr'>pro</span> <span class='ocrx_word' id='word_1_133' title='bbox 1687 1390 1887 1460; x_wconf 89' lang='lat' dir='ltr'>vulgato</span> <span class='ocrx_word' id='word_1_134' title='bbox 1921 1390 2102 1444; x_wconf 85' lang='lat' dir='ltr'>chalcis</span> <span class='ocrx_word' id='word_1_135' title='bbox 2125 1369 2352 1418; x_wconf 62' lang='lat' dir='ltr'>Genus252</span> 
     </span>
     <span class='ocr_line' id='line_1_17' title="bbox 213 1460 2103 1536; baseline -0.001 -16"><span class='ocrx_word' id='word_1_136' title='bbox 213 1485 401 1520; x_wconf 87' lang='lat' dir='ltr'>nomen</span> <span class='ocrx_word' id='word_1_137' title='bbox 422 1463 649 1518; x_wconf 79' lang='lat' dir='ltr'>chalceus</span> <span class='ocrx_word' id='word_1_138' title='bbox 667 1463 1015 1532; x_wconf 82' lang='lat' dir='ltr'>reponendum</span> <span class='ocrx_word' id='word_1_139' title='bbox 1038 1462 1132 1515; x_wconf 84' lang='lat' dir='ltr'>effe</span> <span class='ocrx_word' id='word_1_140' title='bbox 1153 1463 1304 1517; x_wconf 89' lang='lat' dir='ltr'>docui</span> <span class='ocrx_word' id='word_1_141' title='bbox 1323 1460 1460 1535; x_wconf 82' lang='lat' dir='ltr'>supra</span> <span class='ocrx_word' id='word_1_142' title='bbox 1480 1469 1529 1517; x_wconf 92' lang='lat' dir='ltr'>in</span> <span class='ocrx_word' id='word_1_143' title='bbox 1554 1465 1803 1519; x_wconf 79' lang='lat' dir='ltr'>Chalcide.</span> <span class='ocrx_word' id='word_1_144' title='bbox 1870 1462 2103 1536; x_wconf 66' lang='lat' dir='ltr'>Oppiam.</span> 
     </span>
     <span class='ocr_line' id='line_1_18' title="bbox 211 1536 2105 1611; baseline -0.001 -18"><span class='ocrx_word' id='word_1_145' title='bbox 211 1546 253 1594; x_wconf 79' lang='lat'>1.</span> <span class='ocrx_word' id='word_1_146' title='bbox 278 1560 390 1603; x_wconf 84' lang='lat'>133.</span> <span class='ocrx_word' id='word_1_147' title='bbox 423 1544 471 1592; x_wconf 89' lang='lat' dir='ltr'>in</span> <span class='ocrx_word' id='word_1_148' title='bbox 494 1541 647 1609; x_wconf 75' lang='lat' dir='ltr'>petris¹</span> <span class='ocrx_word' id='word_1_149' title='bbox 664 1536 883 1611; x_wconf 81' lang='lat' dir='ltr'>herbidis</span> <span class='ocrx_word' id='word_1_150' title='bbox 902 1537 1082 1604; x_wconf 83' lang='lat' dir='ltr'>degere</span> <span class='ocrx_word' id='word_1_151' title='bbox 1104 1536 1249 1590; x_wconf 81' lang='lat' dir='ltr'>canit.</span> <span class='ocrx_word' id='word_1_152' title='bbox 1327 1538 1539 1594; x_wconf 82' lang='lat' dir='ltr'>Chalcea</span> <span class='ocrx_word' id='word_1_153' title='bbox 1565 1559 1590 1593; x_wconf 86' lang='lat' dir='ltr'>a</span> <span class='ocrx_word' id='word_1_154' title='bbox 1612 1540 1833 1593; x_wconf 83' lang='lat' dir='ltr'>chalcide</span> <span class='ocrx_word' id='word_1_155' title='bbox 1855 1539 2105 1593; x_wconf 79' lang='lat' dir='ltr'>diversum</span> 
     </span>
     <span class='ocr_line' id='line_1_19' title="bbox 210 1611 2105 1686; baseline -0.002 -17"><span class='ocrx_word' id='word_1_156' title='bbox 210 1615 485 1669; x_wconf 81' lang='lat' dir='ltr'>rotundum</span> <span class='ocrx_word' id='word_1_157' title='bbox 506 1628 554 1665; x_wconf 91' lang='lat' dir='ltr'>et</span> <span class='ocrx_word' id='word_1_158' title='bbox 574 1611 901 1686; x_wconf 83' lang='lat' dir='ltr'>orbicularem</span> <span class='ocrx_word' id='word_1_159' title='bbox 923 1612 1106 1681; x_wconf 85' lang='lat' dir='ltr'>piscem</span> <span class='ocrx_word' id='word_1_160' title='bbox 1127 1615 1175 1663; x_wconf 87' lang='lat' dir='ltr'>in</span> <span class='ocrx_word' id='word_1_161' title='bbox 1199 1615 1562 1679; x_wconf 81' lang='lat' dir='ltr'>Cyzicenorum</span> <span class='ocrx_word' id='word_1_162' title='bbox 1587 1619 1788 1683; x_wconf 83' lang='lat' dir='ltr'>regione</span> <span class='ocrx_word' id='word_1_163' title='bbox 1813 1614 1938 1666; x_wconf 84' lang='lat' dir='ltr'>nasci</span> <span class='ocrx_word' id='word_1_164' title='bbox 1957 1614 2105 1666; x_wconf 53' lang='lat' dir='ltr'>tradit*</span> 
     </span>
     <span class='ocr_line' id='line_1_20' title="bbox 208 1684 2099 1755; baseline -0.004 -11"><span class='ocrx_word' id='word_1_165' title='bbox 208 1686 494 1744; x_wconf 74' lang='lat' dir='ltr'>Atlzemzeus</span> <span class='ocrx_word' id='word_1_166' title='bbox 513 1692 677 1755; x_wconf 84' lang='lat' dir='ltr'>V11.p.</span> <span class='ocrx_word' id='word_1_167' title='bbox 710 1705 731 1749; x_wconf 83' lang='lat'>3</span> <span class='ocrx_word' id='word_1_168' title='bbox 752 1706 767 1737; x_wconf 87' lang='grc' dir='ltr'><em>ι</em></span> <span class='ocrx_word' id='word_1_169' title='bbox 785 1697 827 1744; x_wconf 88' lang='lat'>8.</span> <span class='ocrx_word' id='word_1_170' title='bbox 876 1686 1011 1738; x_wconf 90' lang='lat' dir='ltr'>idem</span> <span class='ocrx_word' id='word_1_171' title='bbox 1032 1684 1150 1739; x_wconf 81' lang='lat' dir='ltr'>loco</span> <span class='ocrx_word' id='word_1_172' title='bbox 1170 1685 1230 1739; x_wconf 86' lang='lat' dir='ltr'>ab</span> <span class='ocrx_word' id='word_1_173' title='bbox 1253 1686 1466 1741; x_wconf 68' lang='lat' dir='ltr'>Arteclio</span> <span class='ocrx_word' id='word_1_174' title='bbox 1488 1687 1691 1742; x_wconf 84' lang='lat' dir='ltr'>laudato</span> <span class='ocrx_word' id='word_1_175' title='bbox 1718 1693 1943 1742; x_wconf 85' lang='lat' dir='ltr'>nominat</span> <span class='ocrx_word' id='word_1_176' title='bbox 1973 1713 2099 1747; x_wconf 68' lang='grc' dir='ltr'>κυτ-</span> 
     </span>
     <span class='ocr_line' id='line_1_21' title="bbox 209 1757 2099 1834; baseline -0.001 -18"><span class='ocrx_word' id='word_1_177' title='bbox 209 1760 301 1825; x_wconf 66' lang='grc' dir='ltr'>τόμ</span> <span class='ocrx_word' id='word_1_178' title='bbox 330 1765 539 1834; x_wconf 83' lang='lat' dir='ltr'>piscem3</span> <span class='ocrx_word' id='word_1_179' title='bbox 583 1760 667 1813; x_wconf 89' lang='lat' dir='ltr'>sed</span> <span class='ocrx_word' id='word_1_180' title='bbox 695 1761 794 1830; x_wconf 89' lang='lat' dir='ltr'>ipse</span> <span class='ocrx_word' id='word_1_181' title='bbox 824 1763 936 1827; x_wconf 83' lang='lat' dir='ltr'>jam¹</span> <span class='ocrx_word' id='word_1_182' title='bbox 957 1759 1080 1812; x_wconf 89' lang='lat' dir='ltr'>olim</span> <span class='ocrx_word' id='word_1_183' title='bbox 1113 1757 1446 1816; x_wconf 70' lang='lat' dir='ltr'>Kondeletius</span> <span class='ocrx_word' id='word_1_184' title='bbox 1475 1761 1711 1819; x_wconf 81' lang='lat' dir='ltr'>dubitavit</span> <span class='ocrx_word' id='word_1_185' title='bbox 1739 1763 1789 1816; x_wconf 89' lang='lat' dir='ltr'>id</span> <span class='ocrx_word' id='word_1_186' title='bbox 1816 1781 2003 1817; x_wconf 89' lang='lat' dir='ltr'>nomen</span> <span class='ocrx_word' id='word_1_187' title='bbox 2033 1762 2099 1815; x_wconf 84' lang='lat' dir='ltr'>ad</span> 
     </span>
     <span class='ocr_line' id='line_1_22' title="bbox 208 1831 2094 1909; baseline -0.002 -16"><span class='ocrx_word' id='word_1_188' title='bbox 208 1835 661 1898; x_wconf 72' lang='lat' dir='ltr'>Fabrunrtrahere.</span> <span class='ocrx_word' id='word_1_189' title='bbox 701 1844 717 1852; x_wconf 84' lang='lat'>&#39;</span> <span class='ocrx_word' id='word_1_190' title='bbox 740 1831 1008 1888; x_wconf 75' lang='lat' dir='ltr'>Columella</span> <span class='ocrx_word' id='word_1_191' title='bbox 1036 1839 1154 1886; x_wconf 85' lang='lat' dir='ltr'><strong>VIII.</strong></span> <span class='ocrx_word' id='word_1_192' title='bbox 1197 1842 1275 1888; x_wconf 80' lang='lat'>16.</span> <span class='ocrx_word' id='word_1_193' title='bbox 1346 1836 1600 1891; x_wconf 78' lang='lat' dir='ltr'>Atlantico</span> <span class='ocrx_word' id='word_1_194' title='bbox 1634 1842 1755 1891; x_wconf 89' lang='lat' dir='ltr'>mari</span> <span class='ocrx_word' id='word_1_195' title='bbox 1787 1836 1950 1900; x_wconf 77' lang='lat' dir='ltr'>faber,</span> <span class='ocrx_word' id='word_1_196' title='bbox 2009 1840 2094 1909; x_wconf 88' lang='lat' dir='ltr'>qui</span> 
     </span>
     <span class='ocr_line' id='line_1_23' title="bbox 209 1907 2095 1982; baseline -0.001 -16"><span class='ocrx_word' id='word_1_197' title='bbox 209 1911 580 1982; x_wconf 81' lang='lat' dir='ltr'>generofiffimis</span> <span class='ocrx_word' id='word_1_198' title='bbox 606 1907 815 1979; x_wconf 82' lang='lat' dir='ltr'>piscibus</span> <span class='ocrx_word' id='word_1_199' title='bbox 845 1907 1222 1969; x_wconf 61' lang='lat' dir='ltr'>adnumeratum</span> <span class='ocrx_word' id='word_1_200' title='bbox 1285 1913 1336 1962; x_wconf 86' lang='lat' dir='ltr'>in</span> <span class='ocrx_word' id='word_1_201' title='bbox 1366 1913 1534 1965; x_wconf 86' lang='lat' dir='ltr'>nostro</span> <span class='ocrx_word' id='word_1_202' title='bbox 1567 1913 1786 1966; x_wconf 86' lang='lat' dir='ltr'>Gadium</span> <span class='ocrx_word' id='word_1_203' title='bbox 1818 1916 2095 1982; x_wconf 88' lang='lat' dir='ltr'>municipio</span> 
     </span>
     <span class='ocr_line' id='line_1_24' title="bbox 209 1982 2093 2057; baseline -0.002 -16"><span class='ocrx_word' id='word_1_204' title='bbox 209 2007 326 2041; x_wconf 90' lang='lat' dir='ltr'>eum</span> <span class='ocrx_word' id='word_1_205' title='bbox 346 1987 494 2057; x_wconf 87' lang='lat' dir='ltr'>prisca</span> <span class='ocrx_word' id='word_1_206' title='bbox 522 1983 874 2038; x_wconf 87' lang='lat' dir='ltr'>consuetudine</span> <span class='ocrx_word' id='word_1_207' title='bbox 898 1987 1056 2036; x_wconf 88' lang='lat' dir='ltr'>Zeum</span> <span class='ocrx_word' id='word_1_208' title='bbox 1077 1982 1391 2053; x_wconf 75' lang='lat' dir='ltr'>appellamus.</span> <span class='ocrx_word' id='word_1_209' title='bbox 1466 1990 1597 2038; x_wconf 89' lang='lat' dir='ltr'>Hinc</span> <span class='ocrx_word' id='word_1_210' title='bbox 1617 1984 1826 2041; x_wconf 69' lang='lat' dir='ltr'>Plimins</span> <span class='ocrx_word' id='word_1_211' title='bbox 1850 1991 1931 2038; x_wconf 90' lang='lat' dir='ltr'>IX.</span> <span class='ocrx_word' id='word_1_212' title='bbox 1952 2005 1992 2038; x_wconf 81' lang='lat' dir='ltr'>e.</span> <span class='ocrx_word' id='word_1_213' title='bbox 2017 1999 2093 2044; x_wconf 81' lang='lat'>18.</span> 
     </span>
     <span class='ocr_line' id='line_1_25' title="bbox 208 2054 2096 2132; baseline -0.002 -16"><span class='ocrx_word' id='word_1_214' title='bbox 208 2068 339 2130; x_wconf 84' lang='lat' dir='ltr'>Zeus</span> <span class='ocrx_word' id='word_1_215' title='bbox 359 2062 493 2114; x_wconf 86' lang='lat' dir='ltr'>idem</span> <span class='ocrx_word' id='word_1_216' title='bbox 514 2057 648 2112; x_wconf 84' lang='lat' dir='ltr'>faber</span> <span class='ocrx_word' id='word_1_217' title='bbox 667 2056 964 2131; x_wconf 59' lang='lat' dir='ltr'>appellatus</span> <span class='ocrx_word' id='word_1_218' title='bbox 1026 2054 1249 2111; x_wconf 79' lang='lat' dir='ltr'>Gadibus</span> <span class='ocrx_word' id='word_1_219' title='bbox 1272 2062 1601 2128; x_wconf 76' lang='lat' dir='ltr'>principatum</span> <span class='ocrx_word' id='word_1_220' title='bbox 1619 2060 1825 2114; x_wconf 81' lang='lat' dir='ltr'>obtinet.</span> <span class='ocrx_word' id='word_1_221' title='bbox 1866 2059 1949 2114; x_wconf 91' lang='lat' dir='ltr'>ubi</span> <span class='ocrx_word' id='word_1_222' title='bbox 1982 2064 2096 2132; x_wconf 76' lang='lat' dir='ltr'>qui-</span> 
     </span>
     <span class='ocr_line' id='line_1_26' title="bbox 207 2127 2094 2200; baseline -0.001 -10"><span class='ocrx_word' id='word_1_223' title='bbox 207 2137 299 2200; x_wconf 85' lang='lat' dir='ltr'>bus</span> <span class='ocrx_word' id='word_1_224' title='bbox 319 2134 572 2189; x_wconf 83' lang='lat' dir='ltr'>autoribus</span> <span class='ocrx_word' id='word_1_225' title='bbox 591 2135 963 2200; x_wconf 78' lang='lat' dir='ltr'>argumentisve</span> <span class='ocrx_word' id='word_1_226' title='bbox 986 2127 1298 2185; x_wconf 72' lang='lat' dir='ltr'>Harduinus</span> <span class='ocrx_word' id='word_1_227' title='bbox 1328 2132 1537 2186; x_wconf 86' lang='lat' dir='ltr'>Fabrum</span> <span class='ocrx_word' id='word_1_228' title='bbox 1567 2128 1871 2198; x_wconf 82' lang='lat' dir='ltr'>Gaditanum</span> <span class='ocrx_word' id='word_1_229' title='bbox 1891 2154 1915 2187; x_wconf 91' lang='lat' dir='ltr'>a</span> <span class='ocrx_word' id='word_1_230' title='bbox 1934 2135 2094 2189; x_wconf 86' lang='lat' dir='ltr'>Fabro</span> 
     </span>
     <span class='ocr_line' id='line_1_27' title="bbox 202 2204 2093 2275; baseline -0.001 -9"><span class='ocrx_word' id='word_1_231' title='bbox 202 2206 448 2274; x_wconf 59' lang='lat' dir='ltr'>Athenaei</span> <span class='ocrx_word' id='word_1_232' title='bbox 490 2208 639 2274; x_wconf 80' lang='lat' dir='ltr'>longe</span> <span class='ocrx_word' id='word_1_233' title='bbox 670 2206 939 2275; x_wconf 83' lang='lat' dir='ltr'>discrepare</span> <span class='ocrx_word' id='word_1_234' title='bbox 968 2204 1135 2265; x_wconf 79' lang='lat' dir='ltr'>afferat</span> <span class='ocrx_word' id='word_1_235' title='bbox 1182 2207 1362 2260; x_wconf 86' lang='lat' dir='ltr'>nescio.</span> <span class='ocrx_word' id='word_1_236' title='bbox 1483 2205 1676 2263; x_wconf 72' lang='lat' dir='ltr'>ovidio</span> <span class='ocrx_word' id='word_1_237' title='bbox 1722 2214 1771 2261; x_wconf 90' lang='lat' dir='ltr'>in</span> <span class='ocrx_word' id='word_1_238' title='bbox 1809 2209 2093 2264; x_wconf 86' lang='lat' dir='ltr'>Halieutico</span> 
     </span>
     <span class='ocr_line' id='line_1_28' title="bbox 205 2279 2091 2349; baseline -0.002 -9"><span class='ocrx_word' id='word_1_239' title='bbox 205 2286 343 2340; x_wconf 74' lang='lat' dir='ltr'>versu</span> <span class='ocrx_word' id='word_1_240' title='bbox 373 2304 391 2335; x_wconf 89' lang='lat'>1</span> <span class='ocrx_word' id='word_1_241' title='bbox 413 2304 487 2334; x_wconf 77' lang='lat'>11.</span> <span class='ocrx_word' id='word_1_242' title='bbox 536 2280 686 2334; x_wconf 85' lang='lat' dir='ltr'>Faber</span> <span class='ocrx_word' id='word_1_243' title='bbox 706 2297 842 2332; x_wconf 85' lang='lat' dir='ltr'>rarus</span> <span class='ocrx_word' id='word_1_244' title='bbox 872 2279 1063 2331; x_wconf 87' lang='lat' dir='ltr'>dicitur.</span> <span class='ocrx_word' id='word_1_245' title='bbox 1165 2283 1310 2348; x_wconf 82' lang='lat' dir='ltr'>Qae</span> <span class='ocrx_word' id='word_1_246' title='bbox 1338 2299 1495 2349; x_wconf 86' lang='lat' dir='ltr'>genus</span> <span class='ocrx_word' id='word_1_247' title='bbox 1533 2283 1966 2336; x_wconf 66' lang='lat' dir='ltr'>Pleuroneciarum</span> <span class='ocrx_word' id='word_1_248' title='bbox 1999 2284 2091 2337; x_wconf 88' lang='lat' dir='ltr'>fin-</span> 
     </span>
     <span class='ocr_line' id='line_1_29' title="bbox 205 2355 2090 2430; baseline -0.001 -17"><span class='ocrx_word' id='word_1_249' title='bbox 205 2360 388 2430; x_wconf 79' lang='lat' dir='ltr'>gularia</span> <span class='ocrx_word' id='word_1_250' title='bbox 417 2355 564 2410; x_wconf 82' lang='lat' dir='ltr'>habet</span> <span class='ocrx_word' id='word_1_251' title='bbox 591 2360 642 2408; x_wconf 89' lang='lat' dir='ltr'>in</span> <span class='ocrx_word' id='word_1_252' title='bbox 672 2356 801 2408; x_wconf 80' lang='lat' dir='ltr'>offea</span> <span class='ocrx_word' id='word_1_253' title='bbox 842 2356 1070 2424; x_wconf 87' lang='lat' dir='ltr'>corporis</span> <span class='ocrx_word' id='word_1_254' title='bbox 1103 2372 1372 2425; x_wconf 84' lang='lat' dir='ltr'>compage,</span> <span class='ocrx_word' id='word_1_255' title='bbox 1411 2361 1569 2426; x_wconf 85' lang='lat' dir='ltr'>capite</span> <span class='ocrx_word' id='word_1_256' title='bbox 1614 2373 1851 2428; x_wconf 75' lang='lat' dir='ltr'>excepto,</span> <span class='ocrx_word' id='word_1_257' title='bbox 1913 2359 2090 2417; x_wconf 81' lang='lat' dir='ltr'>eadem</span> 
     </span>
     <span class='ocr_line' id='line_1_30' title="bbox 205 2427 2099 2506; baseline -0.001 -18"><span class='ocrx_word' id='word_1_258' title='bbox 205 2437 372 2489; x_wconf 84' lang='lat' dir='ltr'>omnia</span> <span class='ocrx_word' id='word_1_259' title='bbox 397 2437 444 2486; x_wconf 84' lang='lat' dir='ltr'>in</span> <span class='ocrx_word' id='word_1_260' title='bbox 465 2430 646 2484; x_wconf 85' lang='lat' dir='ltr'>sceleto</span> <span class='ocrx_word' id='word_1_261' title='bbox 667 2427 805 2481; x_wconf 88' lang='lat' dir='ltr'>Fabri</span> <span class='ocrx_word' id='word_1_262' title='bbox 830 2431 988 2498; x_wconf 88' lang='lat' dir='ltr'>reperi</span> <span class='ocrx_word' id='word_1_263' title='bbox 1009 2442 1059 2480; x_wconf 89' lang='lat' dir='ltr'>et</span> <span class='ocrx_word' id='word_1_264' title='bbox 1077 2427 1338 2496; x_wconf 86' lang='lat' dir='ltr'>diligenter</span> <span class='ocrx_word' id='word_1_265' title='bbox 1357 2430 1625 2499; x_wconf 76' lang='lat' dir='ltr'>delineavi3</span> <span class='ocrx_word' id='word_1_266' title='bbox 1660 2451 1735 2486; x_wconf 83' lang='lat' dir='ltr'>ex</span> <span class='ocrx_word' id='word_1_267' title='bbox 1763 2452 1872 2506; x_wconf 46' lang='lat' dir='ltr'>quo:</span> <span class='ocrx_word' id='word_1_268' title='bbox 1897 2435 2099 2487; x_wconf 80' lang='lat' dir='ltr'>summa·</span> 
     </span>
     <span class='ocr_line' id='line_1_31' title="bbox 201 2500 1433 2579; baseline -0.006 -16"><span class='ocrx_word' id='word_1_269' title='bbox 201 2512 395 2579; x_wconf 81' lang='lat' dir='ltr'>generis</span> <span class='ocrx_word' id='word_1_270' title='bbox 419 2509 678 2577; x_wconf 81' lang='lat' dir='ltr'>utriusque</span> <span class='ocrx_word' id='word_1_271' title='bbox 702 2503 911 2556; x_wconf 86' lang='lat' dir='ltr'>affinitas</span> <span class='ocrx_word' id='word_1_272' title='bbox 925 2500 1182 2557; x_wconf 84' lang='lat' dir='ltr'>manifesto</span> <span class='ocrx_word' id='word_1_273' title='bbox 1202 2508 1433 2572; x_wconf 85' lang='lat' dir='ltr'>arguitur.</span> 
     </span>
    </p>
   </div>
   <div class='ocr_carea' id='block_1_7' title="bbox 348 2612 2297 2693">
    <p class='ocr_par' dir='ltr' id='par_1_8' title="bbox 348 2612 2297 2693">
     <span class='ocr_line' id='line_1_32' title="bbox 348 2612 2297 2693; baseline 0.001 -25"><span class='ocrx_word' id='word_1_274' title='bbox 348 2612 584 2693; x_wconf 49' lang='grc' dir='ltr'>Κάπρος</span> <span class='ocrx_word' id='word_1_275' title='bbox 620 2615 772 2684; x_wconf 80' lang='lat' dir='ltr'>Aper.</span> <span class='ocrx_word' id='word_1_276' title='bbox 820 2616 899 2666; x_wconf 89' lang='lat' dir='ltr'>De</span> <span class='ocrx_word' id='word_1_277' title='bbox 918 2612 1021 2666; x_wconf 87' lang='lat' dir='ltr'>hoc</span> <span class='ocrx_word' id='word_1_278' title='bbox 1041 2612 1152 2667; x_wconf 83' lang='lat' dir='ltr'>vide</span> <span class='ocrx_word' id='word_1_279' title='bbox 1170 2616 1220 2666; x_wconf 90' lang='lat' dir='ltr'>in</span> <span class='ocrx_word' id='word_1_280' title='bbox 1242 2614 1513 2684; x_wconf 86' lang='lat' dir='ltr'>appendice</span> <span class='ocrx_word' id='word_1_281' title='bbox 1535 2612 1851 2689; x_wconf 73' lang='lat' dir='ltr'>Caprifium.</span> <span class='ocrx_word' id='word_1_282' title='bbox 2152 2633 2234 2676; x_wconf 77' lang='lat' dir='ltr'>No.</span> <span class='ocrx_word' id='word_1_283' title='bbox 2259 2643 2297 2686; x_wconf 82' lang='lat'>3.</span> 
     </span>
    </p>
   </div>
   <div class='ocr_carea' id='block_1_8' title="bbox 198 2721 2299 3176">
    <p class='ocr_par' dir='ltr' id='par_1_9' title="bbox 198 2721 2299 3176">
     <span class='ocr_line' id='line_1_33' title="bbox 349 2721 2299 2799; baseline -0.004 -17"><span class='ocrx_word' id='word_1_284' title='bbox 349 2722 644 2799; x_wconf 69' lang='lat' dir='ltr'>Spinaclzia.</span> <span class='ocrx_word' id='word_1_285' title='bbox 684 2722 880 2776; x_wconf 58' lang='lat' dir='ltr'>Aunor</span> <span class='ocrx_word' id='word_1_286' title='bbox 911 2721 1130 2776; x_wconf 77' lang='lat' dir='ltr'>Gallicus</span> <span class='ocrx_word' id='word_1_287' title='bbox 1158 2721 1266 2775; x_wconf 81' lang='lat' dir='ltr'>libri</span> <span class='ocrx_word' id='word_1_288' title='bbox 1290 2723 1352 2776; x_wconf 91' lang='lat' dir='ltr'>de</span> <span class='ocrx_word' id='word_1_289' title='bbox 1383 2739 1550 2777; x_wconf 82' lang='lat' dir='ltr'>natura</span> <span class='ocrx_word' id='word_1_290' title='bbox 1581 2744 1750 2780; x_wconf 46' lang='lat' dir='ltr'>rerum&gt;</span> <span class='ocrx_word' id='word_1_291' title='bbox 1776 2726 1906 2798; x_wconf 88' lang='lat' dir='ltr'>apud</span> <span class='ocrx_word' id='word_1_292' title='bbox 1946 2723 2006 2780; x_wconf 83' lang='lat' dir='ltr'><em>V</em></span> <span class='ocrx_word' id='word_1_293' title='bbox 2005 2722 2080 2779; x_wconf 69' lang='lat' dir='ltr'>in-</span> <span class='ocrx_word' id='word_1_294' title='bbox 2105 2734 2152 2777; x_wconf 88' lang='lat' dir='ltr'>G.</span> <span class='ocrx_word' id='word_1_295' title='bbox 2178 2734 2214 2774; x_wconf 82' lang='grc' dir='ltr'>Ρ.</span> <span class='ocrx_word' id='word_1_296' title='bbox 2233 2744 2299 2787; x_wconf 82' lang='lat'>37.</span> 
     </span>
     <span class='ocr_line' id='line_1_34' title="bbox 199 2791 2271 2871; baseline -0.004 -13"><span class='ocrx_word' id='word_1_297' title='bbox 199 2800 414 2859; x_wconf 71' lang='lat' dir='ltr'>centium</span> <span class='ocrx_word' id='word_1_298' title='bbox 443 2805 590 2855; x_wconf 84' lang='lat' dir='ltr'><strong>XVII.</strong></span> <span class='ocrx_word' id='word_1_299' title='bbox 626 2817 731 2869; x_wconf 87' lang='lat' dir='ltr'>cap.</span> <span class='ocrx_word' id='word_1_300' title='bbox 764 2817 849 2864; x_wconf 76' lang='lat'>94.</span> <span class='ocrx_word' id='word_1_301' title='bbox 905 2797 1160 2867; x_wconf 86' lang='lat' dir='ltr'>Spinachia</span> <span class='ocrx_word' id='word_1_302' title='bbox 1193 2816 1406 2868; x_wconf 86' lang='lat' dir='ltr'>corpore</span> <span class='ocrx_word' id='word_1_303' title='bbox 1434 2799 1636 2871; x_wconf 87' lang='lat' dir='ltr'>quidem</span> <span class='ocrx_word' id='word_1_304' title='bbox 1669 2803 1735 2854; x_wconf 85' lang='lat' dir='ltr'>est</span> <span class='ocrx_word' id='word_1_305' title='bbox 1763 2800 1956 2871; x_wconf 77' lang='lat' dir='ltr'>pufill&#39;a,</span> <span class='ocrx_word' id='word_1_306' title='bbox 1999 2800 2080 2853; x_wconf 87' lang='lat' dir='ltr'>sed</span> <span class='ocrx_word' id='word_1_307' title='bbox 2134 2791 2213 2833; x_wconf 83' lang='lat' dir='ltr'>No.</span> <span class='ocrx_word' id='word_1_308' title='bbox 2236 2802 2271 2832; x_wconf 89' lang='lat'>¹·</span> 
     </span>
     <span class='ocr_line' id='line_1_35' title="bbox 200 2869 2082 2946; baseline -0.003 -14"><span class='ocrx_word' id='word_1_309' title='bbox 200 2878 444 2932; x_wconf 81' lang='lat' dir='ltr'>utiliffime</span> <span class='ocrx_word' id='word_1_310' title='bbox 465 2876 680 2946; x_wconf 86' lang='lat' dir='ltr'>undique</span> <span class='ocrx_word' id='word_1_311' title='bbox 702 2874 842 2944; x_wconf 87' lang='lat' dir='ltr'>spinis</span> <span class='ocrx_word' id='word_1_312' title='bbox 864 2871 1142 2925; x_wconf 84' lang='lat' dir='ltr'>extantibus·</span> <span class='ocrx_word' id='word_1_313' title='bbox 1158 2877 1342 2925; x_wconf 87' lang='lat' dir='ltr'>munita</span> <span class='ocrx_word' id='word_1_314' title='bbox 1359 2909 1373 2935; x_wconf 83' lang='lat'>,</span> <span class='ocrx_word' id='word_1_315' title='bbox 1431 2891 1455 2925; x_wconf 91' lang='lat' dir='ltr'>a</span> <span class='ocrx_word' id='word_1_316' title='bbox 1490 2875 1655 2928; x_wconf 86' lang='lat' dir='ltr'>morsu</span> <span class='ocrx_word' id='word_1_317' title='bbox 1678 2869 1934 2941; x_wconf 83' lang='lat' dir='ltr'>cujuslibet</span> <span class='ocrx_word' id='word_1_318' title='bbox 1963 2874 2082 2935; x_wconf 52' lang='lat' dir='ltr'>alte÷</span> 
     </span>
     <span class='ocr_line' id='line_1_36' title="bbox 201 2945 2084 3022; baseline -0.004 -16"><span class='ocrx_word' id='word_1_319' title='bbox 201 2958 299 3006; x_wconf 85' lang='lat' dir='ltr'>rius</span> <span class='ocrx_word' id='word_1_320' title='bbox 322 2952 460 3022; x_wconf 71' lang='lat' dir='ltr'>piscis</span> <span class='ocrx_word' id='word_1_321' title='bbox 480 2952 547 3002; x_wconf 86' lang='lat' dir='ltr'>est</span> <span class='ocrx_word' id='word_1_322' title='bbox 567 2950 808 3009; x_wconf 82' lang='lat' dir='ltr'>tutiffima.</span> <span class='ocrx_word' id='word_1_323' title='bbox 885 2945 1105 3000; x_wconf 69' lang='lat' dir='ltr'>,loanwes</span> <span class='ocrx_word' id='word_1_324' title='bbox 1141 2945 1490 3000; x_wconf 84' lang='lat' dir='ltr'>Sarisberienfis</span> <span class='ocrx_word' id='word_1_325' title='bbox 1524 2947 1743 3001; x_wconf 87' lang='lat' dir='ltr'>Policrat.</span> <span class='ocrx_word' id='word_1_326' title='bbox 1784 2954 1902 3011; x_wconf 81' lang='lat' dir='ltr'><strong>VIII.</strong></span> <span class='ocrx_word' id='word_1_327' title='bbox 1926 2967 1973 3008; x_wconf 74' lang='lat'>7.</span> <span class='ocrx_word' id='word_1_328' title='bbox 2016 2947 2084 3019; x_wconf 77' lang='lat' dir='ltr'>de</span> 
     </span>
     <span class='ocr_line' id='line_1_37' title="bbox 198 3018 2080 3095; baseline -0.003 -13"><span class='ocrx_word' id='word_1_329' title='bbox 198 3027 453 3094; x_wconf 83' lang='lat' dir='ltr'>Augusto:</span> <span class='ocrx_word' id='word_1_330' title='bbox 500 3027 649 3095; x_wconf 82' lang='lat' dir='ltr'>quiin</span> <span class='ocrx_word' id='word_1_331' title='bbox 678 3018 872 3075; x_wconf 86' lang='lat' dir='ltr'>summo</span> <span class='ocrx_word' id='word_1_332' title='bbox 892 3020 1060 3085; x_wconf 88' lang='lat' dir='ltr'>fastigii</span> <span class='ocrx_word' id='word_1_333' title='bbox 1081 3020 1296 3073; x_wconf 83' lang='lat' dir='ltr'>culmine</span> <span class='ocrx_word' id='word_1_334' title='bbox 1317 3020 1602 3074; x_wconf 83' lang='lat' dir='ltr'>secundario</span> <span class='ocrx_word' id='word_1_335' title='bbox 1624 3040 1748 3091; x_wconf 82' lang='lat' dir='ltr'>pane</span> <span class='ocrx_word' id='word_1_336' title='bbox 1771 3018 2080 3092; x_wconf 47' lang='lat' dir='ltr'>etpisciculi&#39;s</span> 
     </span>
     <span class='ocr_line' id='line_1_38' title="bbox 198 3094 1880 3176; baseline -0.004 -21"><span class='ocrx_word' id='word_1_337' title='bbox 198 3120 327 3176; x_wconf 86' lang='lat' dir='ltr'>quos</span> <span class='ocrx_word' id='word_1_338' title='bbox 345 3099 497 3170; x_wconf 87' lang='lat' dir='ltr'>vulgo</span> <span class='ocrx_word' id='word_1_339' title='bbox 519 3099 789 3169; x_wconf 81' lang='lat' dir='ltr'>Spinaticos</span> <span class='ocrx_word' id='word_1_340' title='bbox 820 3095 897 3150; x_wconf 91' lang='lat' dir='ltr'>vel</span> <span class='ocrx_word' id='word_1_341' title='bbox 928 3094 1202 3166; x_wconf 81' lang='lat' dir='ltr'>Ripiliones</span> <span class='ocrx_word' id='word_1_342' title='bbox 1224 3110 1431 3158; x_wconf 79' lang='lat' dir='ltr'>vocant,</span> <span class='ocrx_word' id='word_1_343' title='bbox 1465 3110 1728 3151; x_wconf 86' lang='lat' dir='ltr'>contentus</span> <span class='ocrx_word' id='word_1_344' title='bbox 1765 3112 1880 3150; x_wconf 82' lang='lat' dir='ltr'>erat.</span> 
     </span>
    </p>
   </div>
   <div class='ocr_carea' id='block_1_9' title="bbox 1179 3204 2068 3278">
    <p class='ocr_par' dir='ltr' id='par_1_10' title="bbox 1179 3204 2068 3278">
     <span class='ocr_line' id='line_1_39' title="bbox 1179 3204 2068 3278; baseline -0.002 -17"><span class='ocrx_word' id='word_1_345' title='bbox 1179 3207 1214 3261; x_wconf 80' lang='lat' dir='ltr'>P</span> <span class='ocrx_word' id='word_1_346' title='bbox 1255 3222 1281 3270; x_wconf 79' lang='lat'><em>3</em></span> <span class='ocrx_word' id='word_1_347' title='bbox 1864 3204 2068 3278; x_wconf 62' lang='lat' dir='ltr'>szgi.</span> 
     </span>
    </p>
   </div>
  </div>
 </body>
</html>
