2571 3775
409 333 478 382 26

405 457 586 524 longus
609 468 657 509 et
674 452 915 508 rotundus
936 465 984 507 et
1004 447 1289 522 germanice
1311 447 1559 525 Gervisclz
1591 466 1823 514 vocatum
1873 466 1922 506 et
1948 455 2015 508 est
2035 454 2172 510 albus
2191 456 2286 513 bo-

403 549 578 585 narum
599 533 821 582 carnium
840 528 1036 582 brevior
1055 525 1290 595 anguilla,
1329 528 1543 579 rostrum
1559 531 1661 580 avis
1682 526 1867 580 habens
1888 547 1980 598 pro
2004 549 2092 584 ore
2111 531 2283 587 subtile

399 619 447 659 et
466 604 675 672 longum
687 617 734 656 et
756 602 990 663 rubeum3
1031 615 1079 654 et
1097 601 1306 654 viridem
1328 604 1527 653 interius
1540 599 1688 653 habet
1714 602 1916 671 spinam,
1952 617 2000 656 et
2017 622 2132 659 caro
2154 625 2281 678 quae

397 680 582 749 spinam
615 681 766 745 tangit
785 714 798 738 ,
841 678 908 729 est
938 676 1115 729 viridis.
1197 675 1532 743 'Agnoscisne
1559 675 1641 727 hic
1673 694 1862 739 nomen
1899 695 2001 748 quo
2029 678 2280 753 hodieque

399 755 613 806 Britanni
632 766 832 803 utuntur
845 746 1055 821 Gmfisli
1069 745 1100 803 ?
1134 752 1330 802 Variam
1346 747 1490 816 hujus
1501 747 1599 803 loci
1611 747 1877 819 leffioneiii
1888 767 1950 803 ex
1963 750 2052 805 alia
2062 754 2280 809 editione

399 826 555 880 attulit
577 823 727 888 Com.
749 822 940 896 Gqswer
965 822 1178 894 Aquatil.
1202 841 1246 893 p.
1280 843 1295 873 1
1318 841 1356 874 1.
1616 840 1620 841 ⁷
2127 838 2129 841 ’

157 904 254 947 Piso.
282 908 347 954 28·
545 895 802 977 Εχεμηΐς,
840 896 1106 958 Echeneis,
1152 901 1180 949 i.
1199 915 1240 948 e.
1273 896 1409 966 piscis
1432 899 1515 968 qui
1537 914 1714 949 navem
1738 900 1926 950 retinet.
1981 896 2281 970 Aristoteles

158 961 263 1059 ng·
291 973 350 1002 ¹¹·
398 979 461 1027 H.
485 976 546 1026 A.
569 978 620 1025 11.
663 991 737 1036 ¹4·
784 969 1275 1043 Pisciculuswquidam
1305 970 1425 1022 saxis
1456 969 1664 1024 assuetus
1707 970 1811 1038 (alii
1844 972 2061 1026 Codices
2098 974 2283 1029 habent

227 1030 266 1057 ⁰⁸
292 1029 325 1067 ¹²
402 1068 464 1102 ex
486 1045 783 1109 saxatilibus)
811 1046 904 1107 est,
943 1063 1094 1117 quem
1121 1044 1266 1116 aliqui
1286 1044 1610 1097 echeneidem
1633 1059 1839 1105 vocant,
1885 1064 2048 1118 eoque
2078 1063 2280 1102 utuntur

404 1123 463 1176 ad
480 1121 779 1186 iudiciorum
803 1119 961 1190 causas
982 1134 1029 1172 et
1050 1118 1222 1189 philtra
1237 1155 1251 1180 ,
1292 1133 1512 1170 ceterum
1535 1118 1706 1171 inutili.
1784 1123 1932 1172 Hunc
1954 1120 2102 1192 aliqui
2124 1124 2278 1192 pedes

405 1196 583 1252 habere
605 1198 764 1261 ajunt,
802 1192 928 1246 male
953 1193 1180 1264 quidem3
1222 1192 1303 1245 sed
1322 1192 1502 1261 species
1534 1191 1623 1246 illis
1654 1194 1909 1262 imposuit,
1967 1194 2113 1248 hahet
2143 1202 2279 1252 enim
2332 1223 2343 1233 ·

405 1266 575 1342 pinnas
602 1267 807 1340 pedibus
828 1266 1018 1320 similes.
1151 1270 1287 1318 Haec
1328 1270 1590 1336 pinnarum
1627 1265 1892 1321 fimilitudo
1924 1287 2039 1321 cum
2069 1271 2279 1341 pedibus

406 1344 637 1414 impedit,
677 1362 778 1414 quo
797 1346 959 1394 minus
981 1340 1041 1393 ad
1061 1340 1241 1410 piscem
1269 1339 1418 1394 hodie
1449 1340 1633 1393 eodem
1666 1346 1872 1395 nomine
1889 1343 2182 1413 appellatum
2206 1347 2281 1400 lo-

408 1435 525 1472 eum
546 1413 835 1487 Aristotelis
855 1414 1236 1486 accommodare
1257 1415 1507 1484 poffimus.
1577 1414 1672 1467 Sed
1702 1414 1874 1469 clarior
1905 1420 2056 1471 exstat
2079 1417 2283 1474 Aeliani

407 1491 547 1546 locus
571 1495 621 1543 11.
654 1512 668 1541 1
683 1509 731 1553 7.
758 1488 842 1542 ubi
863 1488 1088 1543 echeneis
1108 1487 1350 1558 pelagius,
1374 1489 1456 1540 seu
1475 1486 1557 1541 alti
1579 1493 1726 1542 maris
1744 1491 1899 1560 piscis,
1929 1492 2099 1546 colore
2121 1498 2279 1563 niger,

409 1565 715 1634 longitudine
739 1564 1004 1616 mediocris
1026 1561 1266 1630 anguillae
1285 1562 1459 1614 dicitur
1481 1562 1588 1615 effe.
1683 1563 1836 1616 Simul
1865 1563 2024 1619 fabula
2056 1567 2118 1621 de
2146 1574 2279 1622 navi-

409 1639 502 1692 bus
529 1638 590 1695 ab
621 1657 683 1692 eo
711 1642 906 1691 retentis
934 1651 1175 1697 narratur,
1217 1636 1296 1689 sed
1336 1635 1553 1689 distincie
1586 1636 1745 1691 nullus
1775 1654 1999 1693 veterum
2026 1648 2280 1705 enarravit,

409 1716 503 1786 qua
529 1716 749 1783 corporis
771 1726 904 1782 parte
927 1709 1126 1764 navibus
1148 1710 1416 1764 adhaereat.
1494 1708 1740 1765 Aelianus
1768 1715 1932 1767 morsu
1955 1719 2164 1770 retinere
2194 1736 2281 1771 na-

409 1806 522 1842 vem
551 1790 627 1839 ait.
702 1786 796 1838 Sed
819 1789 986 1839 omnia
1006 1785 1086 1837 sua
1109 1788 1146 1837 is
1168 1784 1313 1836 debet
1334 1779 1578 1854 Oppiam
1592 1789 1624 1836 I.
1649 1803 1751 1836 212
1775 1787 1905 1860 seqq.
1946 1792 2085 1853 cujus
2115 1810 2278 1845 narra-

408 1865 597 1914 tionem
620 1859 941 1930 interpolavit.
1013 1863 1109 1912 Hic
1139 1862 1271 1910 enim
1302 1858 1624 1910 echeneidem
1653 1858 1890 1930 pelagiam
1924 1864 2158 1935 quidem,-
2197 1867 2284 1921 sed

409 1933 559 1987 cubiti
589 1933 920 2001 longitudine,
978 1931 1179 2001 longam
1208 1947 1255 1984 et
1285 1933 1443 2000 specie
1474 1933 1693 2000 anguillis
1723 1933 1954 1998 fimilem,
2001 1938 2171 1992 colore
2205 1943 2280 1993 ni-

408 2026 572 2076 gram,
614 2006 803 2059 maxilla
828 2005 1058 2060 inferiore
1079 2020 1215 2059 acuta
1240 2020 1288 2058 et
1309 2006 1444 2058 hami
1464 2008 1604 2058 instar
1626 2023 1820 2061 curvata
1853 2014 2026 2078 (igitur
2047 2012 2278 2082 longiore

411 2099 559 2154 quam
579 2082 820 2151 fiiperior)
854 2084 1022 2149 pingit.
1106 2079 1303 2132 Deinde
1322 2098 1524 2150 parvum
1547 2099 1602 2133 os
1622 2098 1955 2147 comemorat,
2008 2086 2089 2140 ubi
2110 2090 2277 2141 morsu

412 2160 608 2208 navium
629 2160 812 2207 carinas
834 2157 1028 2221 retineri
1048 2153 1109 2205 ab
1129 2171 1185 2206 ea
1205 2157 1281 2205 ait.
1357 2158 1409 2205 In
1433 2155 1531 2207 fine
1554 2157 1715 2221 (versu
1738 2160 1885 2225 242.)
1912 2159 2165 2228 epitheton
2191 2164 2275 2216 ad—

413 2229 482 2281 dit
508 2224 707 2292 σὶιόλον,
744 2228 879 2300 quod
900 2232 1085 2280 varium
1107 2227 1396 2297 plerumque
1417 2231 1813 2297 interpretantur,
1863 2250 2035 2289 verum
2056 2236 2105 2286 id
2126 2234 2279 2290 ledi-0-

411 2314 518 2355 rem
542 2306 722 2354 morari
745 2321 845 2354 non
869 2300 1039 2361 debet,
1086 2300 1221 2371 quod
1253 2301 1347 2369 ipse
1377 2315 1523 2368 poeta
1554 2316 1691 2353 antea
1724 2302 1946 2357 colorem
1980 2307 2277 2364 definiverat.

412 2376 667 2429 Poffumus
691 2378 824 2427 enim
846 2373 1099 2443 epitheton
1119 2373 1237 2425 illud
1258 2374 1480 2426 etiamad
1505 2373 1759 2428 confilium
1789 2392 1838 2430 et
1867 2379 2111 2435 solertiam
2140 2386 2279 2454 piscis

413 2451 615 2501 trahere.
689 2444 898 2502 Plinius
920 2452 998 2498 IX.
1022 2466 1123 2517 cap.
1149 2465 1230 2506 ας.
1281 2451 1499 2516 primum
1527 2448 1801 2520 philosophi
1829 2451 2000 2507 locum
2032 2460 2280 2527 integrum

412 2527 627 2592 repetiit,
663 2522 992 2592 superstitione
1020 2526 1163 2573 etiam
1187 2519 1348 2581 audien
1388 2522 1564 2575 deinde
1587 2541 1648 2576 ex
1671 2525 1862 2580 Trebio
1884 2533 2041 2596 Nigro
2051 2533 2276 2601 pedalem

414 2597 532 2659 effe,
574 2599 789 2668 quinque
809 2596 1076 2663 digitorum
1098 2595 1402 2647 crassitudine
1420 2596 1551 2648 addit
1562 2616 1576 2657 3
1629 2598 1840 2671 denique
1871 2621 1898 2654 e
1925 2607 2162 2660 Muciano
2191 2627 2278 2676 ge-

414 2690 506 2724 nus
529 2668 928 2736 conchyliorum,
962 2673 1229 2729 muricem,
1269 2669 1512 2736 adiungit,
1546 2673 1682 2742 quod
1704 2674 1911 2727 eandem
1933 2682 2033 2730 vim
2057 2682 2277 2737 exserere

416 2746 591 2797 dicitur
614 2747 661 2796 in
683 2748 829 2806 mari,
854 2761 1127 2796 commune
1139 2741 1286 2803 olim,
1313 2757 1364 2794 ut
1385 2757 1522 2812 puto,
1545 2763 1660 2796 cum
1679 2749 1806 2816 pisce
1824 2767 2010 2804 nomen
2027 2754 2276 2824 adeptum.

413 2815 582 2873 Plinii
601 2816 769 2869 locum
799 2816 1028 2886 excerpsit
1050 2813 1363 2888 Caffiodorus
1395 2821 1427 2867 I.
1450 2819 1631 2887 epistol.
1663 2839 1740 2881 35·
1825 2827 1864 2873 E
1890 2822 2044 2879 latinis
2074 2831 2275 2900 quidam

415 2893 681 2944 Remoram
704 2890 1086 2961 appellaverunt,
1132 2891 1248 2942 teste
1283 2886 1458 2943 Pliwio
1487 2897 1682 2945 XXXII.
1715 2914 1752 2945 ι.
1829 2897 2002 2954 Gobio
2030 2909 2275 2972 magnitu-

415 2964 527 3017 dine
549 2965 802 3035 aequalem
823 2961 1159 3032 lacitBastlz‘us
1182 2967 1227 3015 in
1250 2967 1487 3016 Hexaem.
1508 2982 1774 3030 etquatuor
1794 2975 1953 3038 pinnis
1971 2977 2276 3043 instruclum,

414 3055 691 3090 naucratem
713 3037 964 3108 appellans.
1041 3032 1363 3112 Ναυκράτης
1384 3053 1545 3091 autem
1567 3033 1697 3093 idem
1721 3045 1854 3114 quod
1886 3047 2113 3103 echeneis
2137 3051 2279 3118 figni-

412 3111 539 3164 ficat.
612 3118 726 3167 Hoc
744 3116 1014 3168 recentiore
1043 3116 1247 3166 nomine
1271 3117 1418 3166 etiam
1435 3110 1610 3170 Philas
1639 3114 1815 3188 aliique
1848 3119 2022 3176 ssmiles
2051 3134 2279 3179 ves-emm

2118 3197 2284 3256 simiae:
