2571 3775
329 339 431 395 308

476 460 553 512 Ex
578 450 653 511 his
671 453 808 527 ‚patet
828 450 1067 526 exemplis
1097 457 1437 528 'appendicem
1467 472 1623 511 uveae
1654 452 1904 510 crenatam
1929 473 2034 510 non
2055 454 2142 510 soli
2166 459 2285 523 raia-

329 551 443 588 rum
468 535 637 600 generi
676 531 770 584 esse
795 548 1138 584 communem.
1216 530 1387 600 Quid?
1423 532 1562 603 quod
1591 534 1643 584 in
1671 531 1845 585 avibus
1881 529 2092 584 fimilem
2126 549 2285 585 uveae

332 606 660 681 appendicem
689 608 787 672 jam
817 604 941 677 olim
969 610 1220 659 annotavit
1249 602 1549 677 Aristoteles
1575 610 1641 659 H.
1661 607 1727 658 A.
1746 610 1868 660 VIII.
1894 624 1939 672 3.
1971 610 2052 659 IX.
2083 625 2163 669 34.
2239 610 2285 659 Is

334 685 474 736 enim
493 679 796 748 ossifragram
816 680 898 732 seu
918 673 1096 754 ,φήμην
1116 679 1294 734 oculos
1318 679 1560 733 nubecula
1575 678 1733 734 tedios
1753 675 1920 757 (ἐπέρ
1964 682 2116 754 εμογ)
2138 678 2289 733 habe-

334 775 390 812 re
413 755 581 808 affer-it.
622 756 793 826 Atque
812 753 938 805 hanc
960 752 1259 806 nubeculam
1282 757 1334 807 in
1353 755 1511 826 aquila
1532 754 1594 808 ab
1615 754 1780 807 illustri
1799 703 2028 827 Bzffliizo
2050 751 2289 827 Orfraye

338 829 465 884 dicia
493 830 738 898 repertam
768 825 1011 898 descripfit
1044 823 1294 897 Cortestus
1326 830 1460 898 apud
1481 825 1875 883 Aldrovmtdum
1899 836 1933 883 I.
1954 848 1999 899 p.
2025 837 2144 883 226.
2232 834 2287 883 In

338 903 501 977 aquila
529 902 711 955 diversa
745 901 889 972 plane
919 901 1129 955 eandem
1162 906 1348 956 invenit
1376 900 1657 957 Ρεψψαῖΐης
1686 908 1753 955 T.
1786 908 1919 974 II.¹p.
1944 921 2031 970 40.
2110 903 2289 958 Pecien

339 977 493 1035 oculo
512 981 684 1030 avium·
702 975 958 1047 peculiaris
989 975 1129 1030 fimul
1161 978 1325 1030 aderat
1357 981 1405 1029 in
1437 976 1596 1050 aquila
1619 975 1895 1047 Perralti;
1926 997 1990 1031 ex
2008 997 2111 1050 quo
2134 982 2292 1046 conji-

342 1071 454 1107 cere
476 1052 590 1105 licet
611 1052 913 1122 piscinorum
936 1049 1203 1105 oculorum
1225 1052 1549 1123 appendicem
1575 1070 1752 1116 uveae‚
1792 1051 1908 1106 loco
1941 1067 1989 1105 et
2021 1052 2108 1106 fitu
2129 1067 2291 1106 cetera

340 1126 548 1183 fimilem
574 1124 862 1188 nubeculae,
895 1125 1188 1180 cohaesione
1208 1140 1373 1179 autem
1395 1145 1512 1180 cum
1534 1126 1752 1194 crystallo
1771 1126 1953 1196 pefflini
1973 1131 2140 1180 avium
2161 1126 2293 1181 fimi-

342 1203 549 1264 liorem,
587 1205 715 1254 inter
743 1214 1008 1273 utramque
1038 1199 1290 1270 ambigere
1313 1199 1550 1255 fabricam
1572 1216 1720 1274 atque
1751 1203 1892 1256 usum
1920 1200 2182 1256 difficulter
2208 1220 2295 1257 ex-

345 1276 644 1352 quirendum
673 1275 923 1347 praestare.

378 1446 478 1499 DE
517 1441 1120 1512 SQUAMMARUM
1156 1439 1537 1515 NATURA,
1580 1413 1885 1506 FORMA,
1931 1442 2266 1496 DIVERSI-

1028 1527 1256 1579 TATE
1302 1529 1407 1580 ET
1447 1529 1621 1581 Usu

501 1648 574 1698 Ut
602 1646 785 1698 Graeci
814 1643 1071 1713 diligenter
1102 1644 1314 1719 ubique,
1353 1650 1516 1717 poetis
1543 1644 1646 1700 fere
1670 1651 1914 1719 exceptis,
1946 1649 2225 1722 squammas
2247 1650 2297 1701 in

348 1720 554 1793 piscium
584 1738 792 1790 corpore
817 1723 943 1772 cutis
972 1718 1289 1793 pilorumque
1321 1725 1456 1775 vices
1484 1736 1709 1789 gerentes
1733 1740 1758 1774 a
1779 1723 2299 1794 quadrupedum-ovi-

350 1813 587 1866 parorum
610 1807 657 1846 et
678 1797 952 1864 repentium
977 1792 1113 1846 simili
1141 1807 1434 1862 tegumento
1459 1794 1709 1849 vocabulis
1731 1801 1938 1867 propriis
1961 1797 2298 1861 distinxerunt,

355 1872 421 1921 ita
441 1864 652 1922 Plinius
676 1885 893 1939 eumque
926 1868 1074 1920 secuti
1098 1867 1235 1920 latini
1266 1870 1524 1938 scriptores
1553 1871 1921 1941 squammarum
1950 1890 2138 1925 nomen
2161 1872 2301 1942 pisci-

354 1941 446 1996 bus
468 1979 482 2004 ,
548 1939 782 1994 corticem
812 1960 931 1994 vero
970 1941 1106 1994 alteri
1134 1941 1264 1996 claffi
1306 1943 1596 1996 animalium
1634 1942 1995 2008 attribuerunt,
2060 1965 2162 1999 non
2192 1946 2300 2000 satis

355 2033 522 2070 tamen
547 2033 603 2068 ea
624 2019 674 2068 in
694 2034 744 2067 re
775 2018 1064 2069 constantes.
1133 2019 1186 2068 In
1214 2016 1434 2071 versione
1464 2016 1573 2070 libri
1607 2019 1933 2083 Aristotelici‚
1969 2039 2120 2092 quem
2149 2019 2302 2075 hodie

356 2109 590 2160 graecum
611 2089 964 2152 desideramus,
1000 2089 1060 2143 ab
1082 2085 1298 2144 Alberto
1318 2096 1387 2144 Μ.
1409 2110 1471 2145 ex
1501 2091 1688 2145 arabica
1717 2091 1836 2146 fadia
1868 2099 2063 2165 reperio
2094 2096 2298 2166 saepius-

357 2164 791 2236 culesqzfflmmmiz
807 2181 1128 2237 mammeam
1144 2182 1236 2234 pro
1257 2184 1427 2234 graeca
1448 2185 1573 2220 voce
1587 2165 1748 2242 φολὶς
1766 2167 2000 2237 pofitam3
2039 2171 2176 2241 quod
2198 2189 2302 2243 quo

360 2238 593 2309 exemplo
626 2236 811 2292 faffium
840 2238 894 2292 fit
905 2276 919 2301 ,
968 2243 1178 2307 ignom,
1219 2259 1311 2294 nec
1338 2260 1364 2295 a
1390 2246 1629 2314 quopiam
1659 2257 1907 2313 praeterea
1937 2242 2301 2316 frequentatum

360 2333 479 2367 eum
497 2312 726 2367 vocabuli
750 2313 892 2366 usum
911 2317 1134 2366 memini.

511 2393 654 2457 Qiae
683 2388 975 2441 discriminis
1001 2389 1136 2440 causa
1163 2389 1212 2439 in
1246 2399 1451 2459 utraque
1476 2387 1615 2442 claffe
1633 2389 1858 2456 ejusdem
1877 2388 1980 2446 fere
2007 2396 2076 2445 rei
2098 2398 2301 2451 nomina

363 2461 545 2515 diversa
565 2464 807 2525 effecerit,
860 2481 922 2515 ex
942 2462 1116 2515 diserta
1143 2475 1367 2515 veterum
1385 2463 1683 2533 scriptorum
1703 2472 2188 2522 commemoratione
2208 2488 2304 2524 nec

365 2539 576 2599 constat,
614 2555 706 2589 nec
732 2555 793 2590 ex
821 2535 1136 2590 Aristotelica
1166 2534 1386 2589 dORrina
1415 2551 1544 2592 certa
1577 2537 1857 2606 conjediura
1892 2540 2050 2615 aliqua
2069 2541 2304 2613 colligere

363 2612 492 2664 licet.
586 2614 792 2664 Formae
822 2616 1104 2665 varietatem
1134 2614 1468 2664 recentiorum
1508 2613 1799 2685 scriptorum
1833 2615 1975 2669 multi
2003 2634 2303 2683 enarrarunt,

363 2686 444 2739 scd
464 2689 549 2759 qui
566 2689 768 2754 originis
797 2689 1047 2758 totiusque
1073 2699 1272 2738 naturae
1301 2684 1623 2740 diversitatem
1651 2706 1678 2741 a
1702 2689 1979 2759 serpentum
2008 2690 2300 2748 lacertarum

365 2761 767 2832 testudinumque
796 2760 1059 2831 squammis
1096 2760 1180 2812 seu
1217 2763 1402 2813 cortice
1436 2760 1785 2832 explicaverit,
1839 2765 2073 2835 equidem
2105 2770 2301 2835 ignoro,

364 2854 456 2889 nec
476 2835 573 2905 ipse
597 2833 853 2905 hucusque
875 2835 1133 2888 discrimen
1157 2852 1331 2888 verum
1361 2836 1625 2902 agnoscere
1655 2839 1822 2906 potui,
1863 2837 1948 2891 nifi
1971 2837 2095 2893 forte
2117 2845 2168 2894 in
2191 2863 2303 2898 mo·

362 2910 429 2963 do
452 2909 694 2962 crescendi
715 2907 915 2981 aliisque
938 2907 1128 2963 formae
1149 2908 1497 2964 variationibus
1518 2909 1636 2962 illud
1662 2910 1785 2964 latet.
1824 2913 2091 2981 Originem
2111 2917 2303 2990 squam-

362 3003 557 3036 marum
579 2983 808 3051 indagare
830 2984 1027 3047 studuit,
1067 3001 1274 3056 eamque
1296 2983 1422 3037 adeo
1442 2988 1492 3036 in
1513 2989 1712 3039 materia
1733 2985 1810 3038 illa
1832 3003 2057 3055 argentea
2080 2993 2302 3062 reperiffe

366 3056 451 3110 fibi
471 3059 598 3110 visus
623 3061 691 3111 est
703 3055 1009 3125 Remmiam,
1039 3067 1164 3129 quae
1186 3059 1421 3128 piscium,
1453 3057 1774 3113 alburnorum
1798 3060 2044 3116 diciorum
2064 3069 2303 3135 inprimis,

360 3133 636 3206 squammas
655 3131 825 3186 sublita
844 3132 1115 3204 pellucidas
1128 3133 1304 3198 reddit,
1327 3150 1354 3186 a
1368 3131 1527 3188 Gallis
1544 3137 1766 3204 primum
1784 3135 1872 3190 sub
1891 3142 2097 3268 nomina}s
2110 3137 2307 3270 ἔψησε

2087 3218 2098 3235 ’
2154 3214 2303 3273 ‘fierit
