2571 3775
1017 342 1312 368 ·““““·““““·
2019 342 2126 408 ‘205

232 475 280 516 et
301 461 479 519 melior
500 465 755 536 reperitur,
777 471 987 532 propter
1006 475 1246 532 aquarum
1266 458 1487 514 dulcium
1508 458 1795 530 admistum,
1823 479 1874 522 et
1903 468 2131 525 securita-

226 541 289 591 tis
322 541 472 592 causa.
582 538 776 590 Belluae
810 539 944 588 enim
982 538 1161 589 noxiae
1196 554 1301 589 non
1325 536 1461 598 fiant,
1518 553 1710 608 praeter
1738 540 2047 609 phocaenam
2080 560 2129 599 et

226 630 432 682 parvum
461 611 682 681 delphini
714 629 886 679 genus.
976 613 1208 683 Denique
1236 609 1303 663 ibi
1331 624 1528 681 partum
1559 628 1824 682 peragunt,
1881 618 1941 668 ad
1973 636 2125 688 quem

223 686 328 740 loci
352 686 418 739 illi
449 686 558 738 sunt
584 685 979 739 accommodati:
1029 685 1178 756 Aqua
1211 690 1345 739 enim
1383 684 1515 739 dulci
1542 685 1708 742 foetus
1751 688 1892 743 alitur
1928 691 2123 745 melius.

222 761 320 813 Sed
341 778 457 812 cum
478 764 762 829 pepererint
782 774 828 813 et
847 757 1011 814 foetus
1032 759 1327 823 adoleverit,
1361 775 1548 814 exeunt
1568 764 1727 816 statim
1748 765 1858 833 post
1877 764 2125 833 vergilias,

222 839 271 887 Si
291 835 449 904 hiems
471 837 676 906 austrina
697 834 777 897 fit,
814 835 1025 896 tardius,
1069 833 1103 888 fi
1121 834 1398 907 aquilonia,
1440 840 1678 890 maturius
1699 838 1965 901 recedunt,
2004 859 2121 910 pro-

219 922 327 979 pter
354 909 552 961 secundi
573 913 716 964 flatus
736 913 1173 980 opportunitatem.
1249 912 1458 964 Foetura
1484 924 1602 964 tunc
1620 929 1766 982 parva
1787 913 1917 982 apud
1937 918 2123 981 Byzan-

219 986 347 1035 tium
372 987 586 1054 capitur,
625 999 796 1055 utpote
828 1004 946 1038 cum
966 984 1163 1052 longior
1189 1001 1332 1038 mora
1360 988 1411 1038 in
1431 989 1590 1039 Ponto
1620 1004 1724 1039 non
1746 985 1893 1041 fuerit
1920 1017 1989 1029 -
2043 993 2121 1042 Pi-

217 1057 321 1110 sces
355 1057 561 1125 rhyades
591 1058 708 1112 did‘ci
737 1059 954 1113 interdiu
983 1073 1177 1120 meant,
1229 1057 1385 1114 noctu
1419 1060 1733 1131 requiescunt
1765 1075 1813 1114 et
1840 1063 2118 1132 pascuntur,

216 1129 303 1185 nifi
324 1131 436 1185 luna
458 1131 645 1195 luceat3
683 1148 790 1186 tum
811 1137 946 1186 enim
968 1136 1061 1186 iter
1078 1134 1382 1186 continuant.
1459 1134 1682 1203 Qlidam
1703 1135 1788 1187 usu
1813 1140 1883 1189 rei
1902 1141 2119 1191 marinae

216 1210 362 1276 periti
389 1206 597 1261 asserunt
626 1227 652 1262 a
670 1207 844 1261 bruma
875 1208 934 1260 ad
956 1206 1329 1280 aequinofflum
1352 1226 1563 1262 vernum
1583 1227 1672 1262 eos
1695 1211 2000 1282 requiescere
2024 1230 2120 1266 nec

217 1285 456 1352 quopiam
485 1287 706 1346 moveri,
741 1281 1026 1354 ubicunque
1057 1284 1360 1336 constiterint
1388 1281 1529 1337 forte.
1608 1287 1726 1355 Cap.
1742 1289 1848 1338 XV.
1880 1284 2026 1339 multi
2046 1300 2120 1339 et·-

217 1358 317 1407 iam
347 1357 549 1426 piscium
580 1356 796 1420 latitant,
842 1357 924 1410 scd
954 1358 1248 1427 apertiffime
1285 1357 1525 1427 hippurus
1563 1371 1612 1411 et
1641 1362 1902 1412 coracinus
1935 1359 2118 1414 hieme.

217 1433 349 1483 Nam
380 1431 430 1483 hi
464 1431 549 1485 soli
582 1431 667 1487 m'fi
696 1436 841 1486 certis
875 1430 1176 1504 quibusdam
1212 1431 1524 1502 temporibus
1559 1452 1662 1487 non
1701 1437 1984 1504 capiuntur,
2037 1441 2124 1489 iis-

216 1503 434 1577 demque
463 1507 678 1576 semper,
724 1526 841 1560 cum
871 1511 1047 1560 caeteri
1078 1524 1257 1561 omnes
1289 1504 1389 1560 fere
1421 1507 1612 1577 semper
1649 1513 1898 1578 capiantur
1931 1505 2031 1577 (τοὶ
2060 1508 2119 1569 δὲ

211 1575 398 1640 Romo}
426 1575 613 1642 πάντα
643 1581 814 1657 (prola
845 1577 1024 1661 χεδόν,
1084 1599 1211 1652 quae
1238 1579 1532 1649 significant:
1587 1581 1776 1654 reliqua
1812 1587 1983 1636 omnia
2012 1588 2116 1636 tere

212 1650 375 1705 latent.
495 1656 591 1707 Sed
625 1655 831 1709 verbum
862 1656 1034 1731 φωλᾱ
1063 1658 1113 1708 in
1144 1655 1308 1710 Codd.
1338 1656 1469 1709 deest
1497 1655 1757 1718 omnibus;
1812 1662 1957 1725 igitur
1982 1658 2116 1711 re6ie

208 1726 426 1795 Scaliger
446 1747 563 1781 cum
588 1727 744 1784 Gaza
768 1730 906 1797 legit:
941 1725 1127 1790 πάντα
1149 1726 1229 1788 023*
1255 1725 1473 1808 9553312)
1539 1735 1776 1784 Muraena
1803 1736 1952 1785 etiam
1982 1731 2114 1796 latet,

208 1805 435 1871 (peream
458 1804 618 1856 inserit
640 1802 797 1858 Gaza
817 1823 934 1856 cum
956 1800 1135 1857 Plinio
1149 1809 1229 1856 IX.
1252 1811 1283 1856 t:
1306 1807 1414 1869 24.)
1438 1804 1623 1875 orphus
1644 1820 1692 1858 et
1713 1825 1915 1874 conger.
1968 1810 2113 1859 Saxa-

208 1876 317 1930 tiles
346 1879 596 1946 conjugati
618 1896 778 1931 mares
801 1897 917 1930 cum
937 1874 1172 1931 foeminis
1196 1877 1507 1940 conduntur,
1546 1899 1648 1951 quo
1673 1881 1831 1934 modo
1858 1895 1906 1933 et
1933 1879 2113 1935 foetifi-

207 1968 321 2004 care
341 1951 521 2015 solent,
556 1966 608 2005 ut
632 1952 789 2016 turdi,
825 1951 1071 2014 merulae,
1103 1969 1293 2023 percae.
1369 1952 1576 2020 Thynni
1606 1958 1753 2007 etiam
1777 1954 1925 2008 latent
1943 1955 2110 2009 hieme

210 2027 260 2078 in
280 2025 556 2094 gurgitibus
578 2026 681 2080 altis
706 2041 755 2079 et
770 2041 879 2080 turn
898 2030 1117 2079 maxime
1138 2026 1474 2097 pinguescunt.
1553 2030 1675 2097 Capi
1700 2032 1941 2099 incipiunt
1968 2048 1993 2082 a
2016 2034 2112 2083 vir-

212 2099 437 2167 giliarum
472 2115 584 2155 ortu
616 2101 677 2154 ad
705 2100 883 2154 arc‘hlri
917 2102 1148 2155 occasum
1178 2100 1438 2162 ultimum3
1489 2101 1682 2172 reliquo
1713 2117 1938 2173 tempore
1969 2109 2110 2176 quie-

209 2175 347 2228 stunt
375 2174 591 2229 latentes.
669 2179 942 2246 Capiuntur
970 2174 1197 2229 nonnulli
1228 2194 1290 2227 ex
1313 2175 1388 2228 his
1420 2189 1470 2228 et
1491 2180 1663 2229 ceteris
1696 2176 1954 2231 latentibus
1982 2193 2109 2231 tem-

209 2250 339 2321 pore
364 2252 433 2303 sui
466 2250 692 2314 secessus,
730 2250 853 2303 dum
883 2251 931 2303 se
951 2265 1186 2312 movent,
1221 2249 1255 2303 fi
1276 2249 1417 2304 locus
1450 2251 1661 2320 tepidior
1685 2254 1778 2315 est,
1817 2267 1898 2305 aut
1925 2252 1959 2306 fi
1983 2267 2108 2305 tem-

209 2329 345 2396 poris
366 2325 552 2379 insolita
582 2326 809 2379 serenitas
831 2325 1079 2378 acciderit.
1153 2324 1404 2377 Prodeunt
1436 2328 1570 2377 enim
1601 2339 1719 2378 tunc
1752 2327 1814 2379 de
1842 2328 1932 2380 suo
1957 2327 2107 2381 cubili

208 2400 410 2471 paulum
445 2399 505 2452 ad
542 2401 761 2470 pastum,
799 2413 847 2453 et
877 2403 1139 2470 praecipue
1171 2396 1460 2468 plenilunio.
1569 2398 1771 2453 Plurimi
1809 2420 1927 2454 cum
1959 2401 2108 2455 latent

201 2477 468 2529 suavissimi
486 2475 605 2527 sunt.
681 2474 942 2527 Premades
971 2478 1022 2526 in
1047 2491 1211 2527 coeno
1241 2473 1286 2532 Ie
1323 2472 1540 2534 abdunt3
1581 2477 1719 2541 cujus
1742 2477 1812 2528 rei
1844 2495 2107 2544 argumen-

206 2564 318 2603 tum
348 2551 447 2612 est,¹
483 2549 621 2621 quod
650 2566 814 2619 neque
849 2567 915 2602 eo
942 2562 1167 2618 tempore
1205 2551 1490 2617 capiuntur,
1534 2562 1582 2600 et
1609 2549 1755 2603 dorso
1789 2550 2034 2605 lutulento
2058 2567 2106 2605 et

201 2628 368 2697 pinnis
386 2621 600 2678 infractis
621 2622 909 2694 spefiantur.
988 2628 1159 2676 Verno
1189 2636 1358 2674 autem
1388 2637 1614 2692 tempore
1643 2625 1890 2693 prodeunt
1919 2625 1980 2677 ad
2011 2640 2106 2679 ter-

206 2719 313 2753 ram
337 2703 496 2753 coitus
527 2712 575 2751 et
604 2711 769 2770 partus
801 2697 965 2760 causa,
1010 2695 1095 2749 ubi
1121 2696 1353 2765 gravidae
1388 2700 1670 2767 capiuntur,
1713 2713 1762 2751 et
1788 2702 2105 2770 tempestivae

205 2776 289 2828 seu
315 2788 533 2827 maturae
559 2787 817 2844 putantum
860 2770 1082 2848 (ὡραῖοι)
1107 2785 1349 2824 autumno
1373 2785 1539 2823 autem
1560 2785 1608 2824 et
1634 2771 1800 2827 hieme
1833 2774 2103 2829 deteriores

203 2851 325 2902 sunt.
405 2847 559 2901 Simul
588 2853 735 2902 etiam
757 2865 917 2900 mares
938 2845 1068 2917 pleni
1088 2847 1284 2899 seminis
1305 2860 1550 2916 apparent.
1634 2848 1767 2900 Cum
1796 2846 1986 2901 foetum
2017 2849 2102 2901 ad-

205 2925 303 2977 huc
326 2942 532 2995 parvum
556 2937 759 2991 gerunt,
789 2920 1048 2975 difficulter
1071 2926 1355 2991 capiuntur3
1391 2938 1507 2972 cum
1531 2938 1652 2974 vero
1673 2923 1830 2987 major
1851 2923 1930 2985 fit,
1955 2922 2104 2986 mul-ti

202 3003 460 3069 capiuntur
478 3012 679 3068 propter
703 2999 921 3051 oestrum
956 3014 1060 3067 quo
1085 3010 1192 3049 tum
1225 2999 1478 3063 agitantur.
1556 2998 1732 3047 Latent
1759 2995 1840 3048 alii
1866 3000 1914 3048 in
1936 3015 2096 3061 arena,

198 3075 277 3128 alii
306 3079 357 3126 in
387 3072 520 3134 lutO,
571 3091 659 3125 ore
687 3086 877 3125 tantum
909 3072 1114 3124 exserto.
1215 3069 1415 3123 Plurimi
1444 3072 1589 3138 igitur
1622 3068 1785 3122 hieme
1827 3069 2002 3132 latent3
2047 3086 2096 3126 et

198 3148 418 3209 saxatiles
459 3146 667 3222 quidem
706 3165 824 3202 cum
861 3149 1026 3216 (rajis‚
1073 3140 1236 3276 βρέτέι
1276 3143 1463 3200 addunt
1495 3143 1717 3199 Codices
1758 3160 1808 3200 et
1849 3144 2092 3201 versiones

1236 3237 1263 3273 c
1307 3236 1331 3284 3
1910 3239 2090 3276 omnes
