2571 3775
443 364 550 415 250
1242 363 1535 382 ---

444 475 641 533 aliunde
665 477 747 533 nifi
764 497 826 533 ex
847 476 1029 549 Ctefiae
1051 478 1591 546 traditione‘cognitum
1614 480 1718 533 non
1736 476 1940 552 habuit,
1969 479 2245 552 solidipede
2263 497 2335 536 ta‘-

444 551 549 607 lum
581 557 731 607 etiam
761 569 1151 615 commemorat3
1190 568 1336 625 atque
1366 552 1482 612 alibi
1508 558 1558 606 in
1590 559 1861 623 peregrinis
1895 556 2189 610 animalibus
2224 575 2336 626 par·-

443 631 571 681 tium
600 631 900 682 internarum
921 627 1137 682 formam
1164 641 1389 689 annotat,
1426 646 1552 699 quae
1579 646 1641 680 ex
1671 628 1906 682 relatione
1935 631 2189 684 sociorum
2212 631 2336 686 Ale-

443 702 619 755 xandri
649 708 844 770 cognita
873 717 1062 755 tantum
1090 705 1252 770 potuit
1271 700 1498 763 habere,.
1514 701 1596 756 etfi
1616 702 1807 755 nullum
1835 722 2010 757 eorum
2035 706 2219 776 uspiam
2240 725 2336 759 no-

442 781 611 830 minat.
674 773 993 829 Herodotum
1013 793 1131 828 vero
1153 773 1414 845 aliquoties
1437 780 1660 829 nominat
1681 781 1958 850 errorisque
1978 784 2159 848 arguit5
2194 780 2334 851 quod

443 849 542 906 fine
570 849 724 904 dubio
754 855 902 903 etiam
925 853 977 901 in
1006 852 1174 902 notitia
1209 848 1548 918 hippopotami
1576 848 1782 912 feciss'et,
1838 851 1924 904 nifi
1956 871 2018 905 ex
2054 859 2335 907 recentiore

445 923 612 995 aliquo
633 924 882 994 scriptore,
915 927 997 996 qui
1019 922 1360 975 Alexandrum
1381 927 1432 975 in
1449 927 1622 977 Itinere
1642 925 1812 977 Indico
1833 939 1881 977 et
1900 927 2208 997 Aegyptiaco
2228 926 2334 982 fue-

443 1012 519 1051 rat
538 999 727 1052 secutus
741 1036 755 1061 ,
781 999 989 1051 duxisset
1013 1015 1138 1051 eam.
1196 998 1299 1066 Ipse
1320 1014 1441 1051 vero
1460 996 1873 1068 hippopotamum
1893 1000 2057 1053 vidiffe
2080 1020 2336 1073 nunquam

445 1073 663 1134 videtur3
697 1072 810 1126 alias
848 1076 1102 1141 ingenium
1130 1070 1348 1124 hominis
1382 1072 1842 1141 perspicacissimum
1869 1092 1895 1125 a
1923 1071 2337 1138 formapanimalis

444 1146 671 1215 fingulari
701 1167 801 1201 non
823 1147 1050 1217 potuiffet
1078 1160 1179 1198 tam
1200 1144 1347 1213 longe
1377 1144 1618 1198 aberrare!
1669 1149 1918 1199 Omnium
1939 1153 2121 1218 optima
2153 1152 2218 1202 est
2251 1168 2336 1202 ex-

448 1220 647 1293 plicatio
677 1221 975 1274 difficultatis
1003 1220 1173 1287 hujus,
1224 1233 1373 1292 quam
1403 1218 1547 1272 nobis
1578 1222 1720 1273 affert
1749 1226 2003 1277 annotatio
2036 1221 2338 1295 Porphyrii

449 1297 582 1366 apud
602 1291 877 1368 Eusebium
898 1299 947 1348 in
968 1299 1336 1365 Praeparatione
1352 1292 1643 1361 Evangelica
1667 1299 1726 1345 X.
1749 1315 1794 1365 p.
1817 1302 1939 1359 466.
2015 1289 2337 1351 Herodotum

446 1371 790 1441 hippopotami
815 1385 862 1423 et
881 1370 1138 1439 phoenicis
1163 1372 1261 1422 avis
1287 1369 1664 1438 descriptionem
1691 1387 1807 1421 cum
1834 1370 2202 1424 crocodilorum
2225 1390 2338 1442 cap-

444 1459 551 1498 tura
581 1449 746 1516 paucis
773 1443 934 1497 verbis
966 1446 1234 1496 immutatis
1277 1461 1338 1495 ex
1369 1439 1614 1496 Hecataei
1646 1441 1818 1496 Milefii
1859 1445 2096 1513 Periegefi
2134 1447 2340 1498 transtu-

446 1517 561 1572 liffe.
617 1521 787 1591 Atque
809 1523 871 1572 ita
895 1522 1041 1572 etiam
1061 1531 1257 1589 apparet
1277 1517 1409 1571 unde
1428 1514 1745 1587 Arzstoteles,
1774 1535 1901 1590 quae
1925 1519 2111 1573 diversa
2132 1535 2180 1575 et
2199 1519 2339 1592 plura

447 1594 624 1657 tradit,
667 1594 846 1647 ducere
866 1596 1093 1665 potuerit.

596 1709 795 1758 'Praeter
824 1704 992 1759 locum
1014 1706 1112 1771 jam
1131 1703 1370 1776 pofitum,
1405 1703 1467 1756 de
1493 1723 1594 1775 quo
1612 1703 1873 1776 hucusque
1906 1705 2169 1775 disputavi,
2212 1705 2340 1759 duo-

449 1779 543 1832 bus
571 1779 670 1832 aliis
701 1784 925 1834 nominat
953 1780 1379 1849 hippopotamum.
1488 1777 1633 1830 Alter
1665 1781 1732 1830 est
1761 1781 1878 1831 Hist.
1902 1782 2061 1831 Anim
2085 1784 2135 1832 II.
2170 1802 2208 1832 1.
2252 1779 2341 1833 ubi

449 1853 840 1924 hippopotamus
863 1873 979 1906 cum
1001 1872 1112 1915 ove,
1134 1870 1273 1922 capra
1290 1866 1337 1904 et
1353 1870 1502 1904 cervo
1524 1854 1651 1904 inter
1669 1853 1890 1906 animalia
1913 1853 2092 1906 bisulca
2111 1858 2340 1907 nomina-

450 1942 544 1982 tur.
619 1932 821 1981 Tertius
843 1929 910 1981 est
929 1932 1046 1981 vm.
1070 1945 1115 1978 2.
1148 1926 1230 1978 ubi
1251 1945 1406 1997 equus
1426 1925 1674 1978 fluviatilis
1697 1941 1748 1978 ut
1767 1928 1958 1980 testudo
1979 1932 2189 1990 marina,
2229 1948 2341 1982 ero-

451 2002 646 2065 c0dilus
676 2017 725 2055 et
762 2003 923 2072 phoca
952 2000 1013 2054 ab
1043 2001 1425 2072 aquisseparata
1458 2000 1632 2052 durare
1672 2014 1720 2052 et
1749 2005 1914 2054 vivere
1951 2002 2085 2072 poffe
2120 2018 2339 2071 negatur.

450 2080 621 2145 Qam
656 2080 946 2147 opinionem
975 2072 1237 2129 Bellonius
1268 2073 1502 2144 exemplo
1532 2074 1874 2145 hippopotami
1910 2080 2040 2143 ejus,
2092 2096 2244 2148 quem
2276 2096 2339 2130 ex

451 2155 687 2222 Aegypto
709 2150 977 2203 adduftum
998 2149 1429 2219 Constantinopoli
1454 2149 1665 2211 viderat,
1704 2169 1956 2221 quemque
1984 2170 2074 2221 per
2101 2153 2228 2205 duos
2257 2167 2342 2205 aut

452 2240 550 2279 tres
572 2245 725 2279 annos
748 2229 886 2297 aquis
908 2226 1099 2296 prorsus
1122 2223 1319 2276 caruisse
1339 2227 1430 2285 ait,
1464 2238 1668 2276 conatur
1688 2222 1911 2277 refutare.
1987 2228 2156 2297 Atque
2177 2230 2342 2279 omni-

451 2320 522 2355 no
544 2320 605 2369 ex
627 2305 708 2363 iis,
744 2319 867 2372 quae
890 2303 1185 2352 recentiores
1207 2302 1508 2350 itineratores
1537 2298 1598 2349 de
1618 2297 1985 2367 hippopotamis
2007 2298 2342 2354 mansuefactis

453 2376 784 2438 tradiderunt,
823 2374 939 2425 licet
969 2376 1235 2434 conjicere,
1272 2372 1453 2425 diutius
1477 2371 1571 2424 hoe
1599 2371 1775 2424 animal
1802 2371 1898 2425 fine
1924 2392 2098 2442 magna
2136 2376 2341 2427 sanitatis

456 2469 589 2503 noxa
622 2453 759 2521 aquis
791 2466 954 2500 carere
982 2446 1141 2516 poss'e,
1194 2464 1342 2516 quam
1373 2445 1592 2515 phocam
1626 2460 1673 2498 et
1706 2446 2048 2509 crocodilum3
2103 2453 2342 2519 quoniam

454 2524 620 2595 phoca
654 2542 769 2576 cum
802 2521 1056 2575 crocodilo
1085 2519 1294 2590 piscibus
1317 2523 1538 2590 inprimis
1568 2534 1615 2573 et
1635 2520 1923 2592 aquatilibus
1955 2521 2242 2575 animalibus
2271 2527 2343 2575 vi-

456 2598 615 2662 &itat3
652 2597 1038 2667 hippopotamus
1073 2609 1242 2650 contra
1265 2593 1489 2663 ambigui<
1514 2594 1669 2649 vietus
1698 2610 1745 2648 et
1767 2614 1912 2650 carne
1939 2611 1986 2650 et
2016 2595 2185 2651 herbis
2215 2598 2342 2653 vesei

453 2673 681 2727 ereditur.

604 2784 809 2835 Tertius
838 2784 1037 2836 notitiae
1068 2781 1129 2833 de
1157 2780 1512 2850 hippopotamo
1540 2778 1743 2833 traditae
1773 2779 1944 2834 audior
1971 2780 2347 2848 ignotus-hodie

459 2861 665 2912 nomine
698 2858 791 2916 est3
831 2859 967 2922 cujus
988 2856 1157 2909 locum
1187 2852 1453 2908 Diodorus
1476 2854 1660 2906 Siculus
1680 2858 1728 2906 in
1752 2853 1881 2908 libro
1901 2859 2062 2924 primo
2083 2854 2345 2909 bibliothe-

461 2951 548 2986 cae
578 2933 686 2985 suae
716 2931 971 2983 historicae
1000 2928 1236 2999 excerpfit
1268 2932 1334 2980 T.
1357 2933 1388 2979 1.
1426 2948 1473 2997 p,
1497 2949 1582 2992 42.
1613 2928 1688 2980 ed.
1708 2929 2008 2997 Weselingii.
2126 2935 2168 2982 Is
2199 2935 2343 2998 igitur
2372 2934 2373 2937 ’

463 3011 525 3060 ita
552 3007 706 3060 tradit.
783 3005 884 3057 Nili
911 3009 998 3076 qui
1020 3005 1195 3057 dicitur
1215 3021 1370 3075 equus
1392 3002 1726 3070 magnitudine
1748 3004 1949 3074 quidem
1969 3006 2036 3056 est
2058 3024 2160 3056 non
2180 3010 2345 3057 minor

464 3079 639 3133 cubitis
668 3083 911 3151 quinque,
956 3079 1255 3150 quadrupes,
1297 3092 1345 3130 et
1368 3077 1482 3130 fiffis
1505 3074 1724 3143 ungulis,
1771 3082 1839 3130 uti
1859 3077 2035 3139 boves3
2069 3078 2238 3132 dentes
2260 3098 2346 3130 ex-

462 3155 614 3211 sertos
638 3168 687 3209 et
705 3156 916 3221 majores
936 3157 1061 3225 apris
1083 3152 1195 3212 feris
1213 3151 1375 3216 habet,
1403 3165 1570 3207 ternos
1595 3155 1839 3225 utrinque,
1868 3171 2026 3217 aures>
2063 3153 2268 3206 caudam
2299 3168 2348 3205 ct

2170 3246 2352 3283 VOCQE
