2571 3775
2089 319 2191 368 3¹3

397 432 450 482 In
482 446 619 483 novo
647 426 851 499 pistzium
873 440 1055 492 genere
1081 440 1107 476 a
1144 419 1491 494 Mar-cgravio
1513 423 1598 479 sub
1622 430 1826 482 nomine
1858 425 2087 485 Guebum
2106 433 2192 486 de-

244 505 449 574 script0,
488 503 626 574 quod
656 501 731 556 Cl.
759 495 1069 572 Brouffimet
1099 496 1240 550 valde
1272 498 1419 551 affine
1446 498 1686 553 scombris
1715 509 2037 570 pronunciat,
2075 506 2189 561 alias
2219 526 2222 530 ·

245 579 409 647 gladio
430 576 727 630 firnillimum
751 575 909 628 rostro
929 570 1190 642 produdiO,
1221 572 1505 642 squammae
1527 571 1620 628 bafi
1642 572 1844 628 haerent
1859 578 2050 633 adfixae
2071 584 2187 643 cuti,

243 653 418 706 medio
442 650 546 703 vase
565 648 730 721 aliquo
752 663 801 702 et
829 662 961 702 totae
979 644 1081 699 fere
1103 645 1314 699 cuticula
1337 646 1665 716 obteguntur,
1702 646 1908 718 longae,
1942 653 2186 708 cultrifor-

243 746 378 789 mes,
413 737 678 796 cutemque
707 724 1031 776 firmiffimam
1053 721 1280 773 reddunt.

389 802 575 866 (Huius
597 797 737 869 ipsius
768 800 960 865 generis
987 809 1150 866 partes
1179 793 1417 866 quasdam
1442 794 1528 848 sub
1548 799 1753 849 nomine
1774 795 1920 865 gladii
1939 803 2183 854 Promon-

239 877 355 928 torii
375 877 543 927 Bonae
562 873 658 943 spei
680 871 940 926 delineavit
959 884 1007 924 et
1026 869 1270 940 descripfit
1283 868 1368 923 .Cl.
1390 866 1450 922 K
1449 866 1615 940 b'lpm,
1645 871 1827 940 piscem
1847 874 2003 943 ipsum
2022 878 2181 944 pinxit

239 944 479 1010 Rerzara',
518 961 664 1019 atque
694 949 962 1000 accuratius
989 947 1231 1014 Principis
1259 941 1516 997 Mauritii
1540 943 1791 1000 Colletstio
1813 948 1991 1001 inedita
2017 947 2180 1003 Pictu-

237 1041 400 1076 rarum
421 1021 795 1090 zoologicarum
815 1018 1094 1074 Brafilienfis
1113 1023 1163 1071 in
1185 1016 1490 1071 Bibliotheca
1516 1023 1648 1086 regia
1669 1020 2009 1088 Berolinenfi.)

387 1096 682 1168 Squalorum
699 1097 980 1168 squammae
1008 1094 1169 1146 nudae
1197 1093 1470 1145 firmiffime
1495 1096 1594 1145 cuti
1615 1092 1882 1147 adhaerent
1903 1095 2086 1169 fibique
2103 1102 2178 1151 in.

236 1175 399 1224 vicem
427 1172 652 1233 insertae,
692 1175 744 1223 in
771 1169 939 1243 squalo
967 1170 1278 1241 squammato
1301 1186 1326 1220 a
1350 1164 1745 1239 CLBrouſjonet
1773 1168 2015 1241 descripto
2041 1172 2177 1240 (Μέ-

234 1249 421 1300 moires
442 1245 504 1298 de
522 1249 650 1298 Paris
671 1266 689 1296 r
703 1250 835 1310 780)
860 1248 1089 1301 omnium
1107 1245 1325 1295 maxime
1346 1242 1651 1312 conspicuae.

382 1324 646 1391 (Squamas
671 1323 928 1390 triquetras
959 1322 1009 1371 in
1035 1315 1290 1371 nonnullis
1320 1315 1583 1384 generibus
1616 1319 1824 1386 reperire
1845 1315 1957 1371 licet
1968 1336 1982 1377 3
2020 1318 2174 1375 sedin

233 1392 330 1448 sola
350 1393 659 1464 coryphaena
688 1393 883 1447 velifera
916 1406 1198 1446 annotatam
1226 1394 1420 1460 reperio
1447 1391 1634 1460 spinam
1655 1390 1857 1444 brevem
1879 1392 2174 1447 recumben-

231 1483 334 1521 tem
353 1472 402 1520 in
434 1467 526 1521 bafi
547 1470 858 1539 squamarum
880 1471 1213 1535 trigonarum,
1252 1483 1402 1536 quam
1435 1465 1833 1518 antecedentium
1865 1484 2006 1520 crena
2030 1468 2172 1521 susci-

227 1547 327 1613 pit,
364 1561 466 1614 quo
502 1543 693 1596 firmior
723 1546 996 1612 tegumenti
1028 1555 1220 1594 textura
1248 1538 1522 1594 cohaereat.
1615 1540 1739 1593 Vide
1769 1539 1926 1610 Spicil.
1957 1541 2169 1612 Zoolog.

229 1621 348 1669 v111.
370 1636 414 1687 p.
439 1619 548 1682 21.)

379 1696 430 1742 ln
441 1691 819 1744 Tetrodontum
841 1707 1020 1756 genere
1041 1688 1200 1743 modo
1224 1689 1506 1760 squammae
1520 1685 1801 1741 subularum
1821 1689 1963 1742 instar
1983 1690 2169 1753 adsunt,

230 1765 387 1819 modo
408 1764 566 1819 offeae
596 1780 642 1817 ct
671 1765 942 1817 firmissime
966 1762 1050 1816 fibi
1085 1767 1299 1815 invicem
1323 1759 1544 1828 jun&ae,
1582 1762 1749 1834 quales
1779 1766 1924 1815 etiam
1943 1764 2170 1820 videmus

230 1844 280 1892 in
302 1858 483 1908 genere
504 1840 852 1892 Ostracionum
873 1853 921 1890 et
942 1841 1316 1891 Loricariarum.
1391 1840 1445 1887 In
1467 1835 1752 1903 Syngnathis
1775 1852 1823 1890 et
1840 1836 2019 1892 Balistis
2034 1840 2170 1911 squa-

229 1932 343 1968 mae
361 1913 480 1967 latae
499 1913 831 1981 cartilagineae
855 1926 902 1964 et
921 1910 1110 1966 flexiles
1131 1914 1234 1963 cuti
1256 1909 1429 1962 craffae
1449 1923 1551 1962 tam
1572 1912 1775 1964 firmiter
1799 1912 2086 1977 inseruntur,
2117 1929 2170 1969 ut

231 2003 430 2042 motum
461 1987 654 2041 nullum
685 1987 952 2039 admittant.
1037 1991 1119 2053 (ln
1149 1983 1436 2053 Syngnathis
1468 1982 1569 2037 fere
1599 1986 1666 2038 est
1697 1999 1750 2038 ut
1780 1991 2001 2056 corporis
2027 2003 2168 2058 tegu-

230 2078 459 2117 mentum
480 2063 687 2123 durum,
729 2060 1014 2129 angulatum
1046 2075 1192 2132 atque
1226 2059 1433 2112 incisum
1468 2076 1555 2128 per
1585 2073 1742 2113 totam
1765 2066 1984 2130 corporis
2009 2062 2169 2132 longi-

229 2137 454 2191 tudinem
473 2141 637 2207 potius
657 2137 818 2206 spinae
839 2135 996 2189 osseae
1019 2138 1342 2206 propaginem
1368 2133 1461 2186 effe
1481 2133 1680 2186 credam
1700 2152 1848 2207 quam
1870 2135 2170 2209 reliquarum

231 2216 596 2284 squammarum
635 2225 832 2263 naturae
867 2210 1099 2262 adfinem.
1213 2209 1421 2263 Causam
1461 2212 1709 2278 opinionis
1740 2227 1880 2263 meae
1907 2213 2167 2283 perspicies

235 2304 299 2341 ex
319 2285 545 2340 iconibus
570 2290 617 2338 in
639 2287 738 2338 fine
761 2284 974 2348 additis.)

383 2365 761 2432 Squammarum
787 2373 1006 2412 naturam
1027 2357 1253 2410 universo
1272 2357 1474 2428 piscium
1496 2361 1664 2426 generi
1685 2377 2013 2412 communem
2033 2375 2169 2431 putat

232 2432 309 2491 Cl.
331 2431 666 2507 Broufflmet,
702 2435 942 2505 usumque
970 2452 1086 2486 eum
1105 2436 1394 2502 praecipue,
1426 2445 1479 2485 ut
1501 2451 1682 2503 corpus
1713 2430 1977 2487 defendant
1994 2434 2054 2488 ab
2081 2435 2172 2489 hu-

232 2513 388 2564 moris
408 2508 722 2581 hostiumque
743 2512 1084 2579 aquaticorum
1104 2510 1433 2560 nocumentis,

380 2583 510 2638 Pilos
539 2588 589 2637 in
619 2583 722 2637 solo
744 2582 958 2636 salmone
979 2583 1283 2634 Americano
1304 2581 1561 2651 hucusque
1585 2584 1796 2650 reperire
1822 2581 1981 2647 licuit,
2021 2603 2174 2656 quem

234 2656 320 2710 sub
342 2663 546 2712 nomine
567 2658 743 2727 gallico
765 2653 985 2729 [Σαββίωνι
1007 2653 1335 2727 dAmerique
1354 2653 1592 2724 descripfit
1612 2671 1661 2708 et
1680 2659 1837 2725 pinxit
1856 2654 1952 2711 Du
1976 2656 2171 2725 Hamel,

232 2732 407 2785 Traite'
428 2733 514 2787 des
533 2733 736 2796 Pecth,
768 2736 922 2789 Partie
944 2737 998 2784 11.
1018 2729 1142 2784 Sedt.
1168 2748 1212 2782 2.
1233 2748 1340 2801 pag.
1361 2751 1379 2781 v1
1396 2749 1478 2795 49.
1499 2727 1644 2781 tabul.
1672 2736 1754 2782 26.
1800 2735 2073 2805 Hucusque
2095 2734 2173 2789 Cl.

231 2803 555 2880 Bronſjom‘t.
631 2813 740 2862 Nec
768 2811 820 2860 in
848 2805 1223 2879 quadrupedum
1250 2808 1571 2875 oviparorum
1608 2817 1657 2857 et
1685 2806 1964 2875 serpentum
1990 2826 2173 2875 genere

232 2884 468 2934 novimus
489 2883 650 2935 adhuc
667 2884 883 2953 speciem
902 2881 1116 2952 aliquam
1134 2878 1242 2951 pilis
1265 2898 1357 2950 pro
1376 2879 1585 2950 squamis
1606 2877 1908 2942 horrentem,
1931 2881 2014 2934 nifi
2036 2883 2174 2953 quod

230 2952 529 3027 Aristoteles
560 2959 834 3027 serpentem
863 2957 1076 3029 aliquem
1109 2954 1319 3026 pilosum
1350 2956 1604 3014 nominat,
1653 2968 1700 3005 et
1729 2950 1999 3008 Nicander
2030 2974 2175 3026 poeta

231 3030 549 3098 Sepedonem
579 3051 696 3085 cum
730 3030 902 3085 villolis
933 3029 1181 3103 tapetibus
1207 3041 1476 3100 comparat.
1552 3031 1633 3081 De
1650 3047 1753 3102 quo
1773 3029 1872 3082 dixi
1894 3033 1943 3084 in
1965 3034 2176 3086 Historia

230 3103 425 3158 animal.
462 3109 848 3163 venenatorum.

1180 3179 1256 3232 Rr
2104 3185 2176 3234 Ex
