2571 3775
392 315 463 354 20
1177 307 1474 354 ῼΞΞΞ.

392 429 556 488 venari
576 442 676 479 non
695 424 874 497 potest:
913 424 1072 491 major
1101 426 1236 477 enim
1266 422 1402 477 calor
1419 437 1540 476 tunc
1563 423 1632 485 est
1661 425 1709 475 in
1736 435 1860 476 terra
1881 438 2029 496 quam
2061 426 2108 476 in
2150 440 2277 497 aqua

393 502 471 557 vel
495 519 604 554 aere
625 513 823 571 propter
849 501 1093 566 majorem
1109 497 1336 569 ¹calorem
1361 501 1498 550 aeris.
1597 501 1652 549 In
1679 511 1905 568 tempore
1925 512 2089 550 autem
2113 499 2277 553 calido

394 577 566 631 sereno
586 592 696 628 aere
719 588 917 645 propter
941 575 1181 639 majorem
1204 570 1421 624 calorem
1442 575 1565 625 aeris
1590 585 1639 624 et
1666 589 1821 643 aquae
1845 572 2056 625 ascendit
2071 591 2132 625 ex
2149 588 2275 625 terra

395 664 444 704 et
464 664 581 701 tunc
606 652 770 702 venari
791 650 981 717 poterit.
1053 649 1132 699 Est
1156 659 1321 698 autem
1340 661 1388 699 et
1411 645 1530 699 alius
1566 646 1748 699 modus
1786 651 2113 714 generationis
2147 667 2279 719 quo-

394 723 605 789 rundam
626 724 856 793 piscium,
885 725 970 794 qui
990 723 1090 774 cito
1123 721 1368 783 crescunt,
1414 734 1612 791 propter
1642 734 1800 773 totam
1833 725 2083 773 materiam
2110 737 2276 791 putre-

396 799 640 859 scentem,
681 813 803 868 quae
822 794 1094 847 secundum
1127 809 1283 848 totam
1306 795 1375 847 sui
1407 798 1729 867 quantitatem
1759 809 1974 846 mutatur
2008 800 2057 847 in
2078 797 2275 866 piscem.

396 876 533 925 Haec
555 886 718 923 autem
734 873 983 938 generatio
1003 870 1220 921 maxime
1241 870 1295 920 fit
1318 873 1368 921 in
1387 868 1508 922 locis
1529 867 1769 921 umbrofis
1790 883 1837 922 et
1857 883 2129 939 temperato
2150 884 2278 923 tem-

396 964 544 1018 pore,
567 944 705 1017 quod
726 944 890 997 educit
913 942 1128 996 calidum
1150 957 1199 995 et
1219 942 1486 995 humidum
1510 943 1573 995 de
1607 961 1670 996 eo
1692 943 1831 1015 quod
1852 944 2080 1013 putrescit
2105 958 2155 997 et
2172 964 2276 997 non

399 1020 641 1073 consumit
669 1018 853 1089 ipsum,
892 1032 940 1070 et
964 1019 1019 1070 fit
1041 1021 1087 1069 in
1113 1031 1236 1069 terra
1258 1015 1481 1070 ealefacffa
1502 1016 1860 1088 aliquantulum
1891 1017 2110 1070 exalante
2132 1033 2181 1071 et
2202 1019 2276 1070 id-

401 1113 465 1148 eo
490 1088 691 1163 ,plurimi
713 1092 881 1144 talium
906 1092 1108 1161 piscium
1137 1106 1429 1159 generantur
1462 1095 1512 1145 in
1548 1091 1670 1145 locis
1695 1097 1778 1163 qui
1806 1092 2034 1144 dicuntur
2062 1091 2274 1146 colonus

403 1182 451 1222 et
470 1166 824 1221 tomastochilia
858 1181 905 1219 et
927 1166 1189 1229 marescas,
1229 1184 1294 1218 eo
1315 1166 1454 1238 quod
1481 1169 1530 1217 in
1550 1165 1673 1219 locis
1710 1167 1784 1220 his
1820 1167 1987 1234 spuma
2018 1185 2078 1218 ex
2108 1167 2276 1236 spiritu

404 1242 624 1308 exalante
641 1240 913 1311 plurimum
940 1243 1195 1308 generatur
1211 1243 1261 1292 in
1287 1254 1516 1309 tempore
1535 1239 1738 1309 pluviae.
1816 1243 2124 1293 Generantur
2143 1246 2276 1294 enim

404 1317 557 1387 pisces
577 1316 628 1368 hi
655 1334 715 1369 ex
743 1316 910 1384 spuma
928 1332 1051 1385 quae
1066 1318 1197 1367 venit
1214 1332 1276 1366 ex
1292 1315 1457 1383 spuma
1483 1313 1706 1383 pluviae,
1744 1331 1948 1384 propter
1972 1315 2111 1387 quod
2131 1320 2278 1368 etiam

406 1392 559 1461 pisces
586 1388 796 1459 spumofi
822 1403 1088 1449 vocantur3
1137 1390 1274 1454 cujus
1295 1388 1485 1456 signum
1509 1390 1602 1451 est,
1639 1389 1780 1460 quod
1797 1390 1920 1441 visus
1949 1392 2015 1443 est
2037 1391 2176 1459 piscis
2200 1389 2282 1442 ille

407 1463 608 1519 ebullire
633 1468 682 1516 in
712 1464 881 1533 spuma
906 1461 984 1514 tali
1013 1461 1131 1516 ficut
1161 1462 1398 1515 ebulliunt
1425 1480 1617 1516 vermes
1652 1467 1701 1514 in
1727 1465 1937 1516 stercore
1956 1465 2279 1533 putrescente.

406 1538 592 1593 Adhuc
615 1551 780 1590 autem
803 1538 992 1605 semper
1026 1540 1268 1588 invenitur
1290 1540 1374 1590 iste
1397 1537 1536 1607 piscis
1560 1541 1607 1595 in
1619 1535 1734 1590 loco
1745 1538 1968 1607 spumae,
2005 1553 2054 1591 et
2074 1557 2184 1610 quai
2208 1537 2280 1591 do

407 1610 552 1666 fuerit
583 1630 740 1665 annus
779 1611 963 1664 calidus
994 1609 1267 1680 pluviosus,
1331 1615 1574 1666 invenitur
1616 1610 1909 1664 abundantia
1951 1613 2091 1681 piscis
2131 1615 2279 1665 istius.

408 1688 488 1740 Est
508 1701 672 1739 autem
690 1685 850 1738 adhuc
871 1685 989 1737 alius
1006 1685 1186 1739 modus
1199 1686 1401 1754 piscium
1429 1705 1490 1738 ex
1509 1686 1766 1755 putredine
1781 1700 2136 1754 generatorum
2160 1705 2278 1738 cum

410 1779 562 1832 aquae
586 1759 898 1830 putrescentis
925 1763 1125 1820 virtute3
1182 1774 1230 1812 et
1255 1759 1356 1812 hoc
1382 1779 1537 1828 genus
1557 1758 1728 1813 faucor
1754 1764 2036 1813 nominatur
2057 1776 2105 1814 et
2128 1779 2281 1830 gene-

411 1850 541 1889 ratur
562 1853 622 1888 ex
641 1834 897 1905 putredine
920 1832 1112 1887 alterius
1137 1833 1356 1887 animalis
1379 1853 1495 1886 cum
1520 1852 1673 1904 aquae
1697 1839 1895 1899 virtute,
1931 1850 1979 1887 et
1998 1835 2096 1889 hoc
2131 1853 2281 1894 voca-

411 1924 490 1963 tur
508 1909 874 1978 scarpophyon:
915 1923 1171 1975 generatur
1195 1912 1339 1960 etiam
1358 1926 1383 1960 a
1408 1908 1666 1977 putredine
1689 1908 1934 1962 malorum
1960 1911 2162 1978 piscium
2190 1910 2283 1962 vis-

412 1984 641 2037 cosorum
668 1981 756 2054 sub
783 1997 906 2034 terra
942 1980 1286 2044 habitantium,
1333 1995 1381 2035 et
1415 1987 1562 2035 ctiam
1601 2000 1663 2035 ex
1683 2001 1778 2045 eo,
1817 1984 1956 2055 quod
1989 1982 2280 2051 belbykinos

413 2072 643 2119 vocatur,
681 2070 937 2124 generatur
963 2057 1098 2125 piscis
1129 2060 1213 2127 qui
1237 2070 1440 2109 vocatur
1464 2056 1801 2123 melinyredes.
1880 2057 2105 2111 Similiter
2131 2062 2280 2111 etiam

414 2150 476 2186 ex
500 2129 691 2184 animali
715 2131 855 2203 quod
877 2130 1049 2182 dicitur
1070 2129 1296 2197 tongides
1312 2168 1327 2192 ,
1373 2144 1419 2183 et
1452 2149 1514 2183 ex
1541 2149 1603 2184 eo
1633 2131 1768 2202 quod
1794 2146 1998 2184 vocatur
2025 2132 2278 2199 tarichyon

415 2221 672 2275 generatur
693 2204 869 2258 animal
893 2204 1029 2275 quod
1049 2218 1251 2257 vocatur
1278 2204 1480 2271 targala‚
1522 2206 1658 2275 quod
1681 2206 1748 2258 est
1766 2201 1947 2273 species
1971 2211 2162 2273 generis
2204 2210 2278 2275 pi-

416 2282 530 2342 sciS,
567 2280 706 2353 quod
733 2292 933 2331 vocatur
967 2278 1195 2342 achonys.
1318 2277 1544 2330 Similiter
1581 2293 1745 2331 autem
1788 2282 2028 2331 invenitur
2065 2284 2113 2332 in
2153 2294 2278 2333 terra

416 2358 682 2408 occumixe
700 2354 839 2422 piscis
861 2355 945 2422 qui
969 2366 1171 2405 vocatur
1201 2350 1406 2403 anchara
1428 2351 1604 2405 molus.
1714 2352 1899 2405 Adhuc
1931 2369 2095 2407 autem
2120 2372 2279 2426 aquae

417 2432 485 2482 vis
504 2425 764 2498 putrefadta
789 2426 1159 2495 imputrescente
1179 2424 1274 2479 alio
1297 2425 1490 2479 animali
1508 2430 1558 2479 in
1591 2427 1686 2496 ipsa
1715 2425 1863 2480 habet
1890 2420 2038 2481 alium
2064 2430 2279 2483 modum

416 2504 643 2572 piscium:
677 2520 738 2554 ex
763 2501 1001 2567 merydon
1025 2503 1156 2552 enim
1171 2514 1218 2552 et
1229 2518 1291 2552 ex
1312 2497 1554 2553 fastoreon
1573 2499 1846 2569 putrefadlis
1870 2506 1917 2556 in
1932 2522 2054 2574 aqua
2066 2504 2279 2576 quadam

416 2576 643 2646 speciales
661 2577 813 2644 pisces
834 2573 1138 2642 generantur.
1213 2579 1290 2626 De
1315 2573 1508 2630 animali
1532 2588 1696 2628 autem
1724 2576 1860 2647 quod
1884 2577 2058 2631 dicitur
2078 2580 2282 2641 afforez‚

398 2652 552 2721 ‘quod
574 2651 789 2719 superius
806 2650 1042 2718 spericum
1064 2647 1157 2700 five
1177 2652 1522 2716 emispericum
1547 2648 1759 2702 diximus
1782 2650 1891 2713 effe2
1913 2666 1960 2704 et
1975 2652 2280 2706 substantiam

417 2727 520 2792 ejus
540 2724 633 2777 effe
655 2723 772 2777 ficut
792 2722 959 2775 album
983 2726 1064 2775 ovi
1085 2737 1132 2774 et
1160 2724 1296 2782 cuius
1319 2724 1485 2776 medio
1516 2723 1638 2775 duae
1659 2742 1887 2790 gemmae
1916 2741 2147 2795 apparent
2173 2745 2278 2780 ma-

418 2816 541 2866 gnae
562 2797 678 2850 ficut
701 2796 856 2858 oculi,
897 2797 1070 2849 dicitur
1094 2797 1232 2868 quod
1268 2815 1370 2850 non
1407 2795 1554 2849 talem
1573 2796 1721 2849 habet
1756 2804 2147 2865 generationetm
2198 2801 2281 2854 sed

418 2890 480 2925 ex
515 2874 609 2942 ipsa
642 2875 808 2942 potius
837 2885 1092 2939 generatur
1122 2889 1247 2942 aqua
1281 2869 1629 2940 aliquantulum
1665 2874 2032 2940 pinguescente:
2083 2889 2130 2928 et
2163 2880 2282 2929 vivit

415 2960 641 3015 tempore
663 2945 864 2999 modico
892 2960 938 2997 et
971 2945 1149 2998 cadens
1180 2946 1322 3014 super
1348 2945 1550 2998 harenas
1580 2945 1845 2999 dissolvitur
1879 2951 1928 3001 in
1960 2968 2165 3021 aquam,
2212 2954 2276 3002 ita

419 3021 557 3091 quod
582 3019 694 3072 nihil
721 3034 941 3072 remanet
961 3020 1022 3072 de
1045 3019 1147 3088 ipso
1171 3018 1254 3071 nifi
1277 3037 1418 3087 parva
1441 3038 1576 3088 pars,
1599 3038 1725 3090 quae
1746 3022 1813 3073 est
1843 3025 1966 3075 circa
1988 3024 2161 3076 oculos
2174 3026 2280 3087 ejus

416 3107 465 3146 et
505 3108 672 3165 caput,
713 3094 852 3167 quod
893 3096 959 3149 est
993 3098 1043 3148 in
1074 3093 1243 3149 medio
1267 3093 1434 3163 ipsius,
1480 3092 1564 3147 ubi
1604 3096 1671 3151 est
1710 3093 1995 3151 substantiae
2038 3098 2280 3167 spiffioris.

1719 3199 1725 3206 ·
2073 3176 2284 3226 Verum-
