2571 3775
378 339 488 404 306*

374 465 465 521 illis
486 463 828 536 hemisphaerii
852 466 1133 536 posterioris
1170 464 1500 536 periphefflm
1534 465 1646 537 plus
1675 486 1826 541 quam
1857 456 2111 521 dimidiam
2128 505 2143 531 ,
2171 458 2344 526 ¹itaut*

375 559 587 595 nervum
609 543 808 609 cingere
822 540 1064 602 videatur,
1086 540 1167 593 sed
1180 539 1319 593 velut
1333 559 1396 593 ex
1407 545 1590 595 vertice
1611 547 1842 615 utrinque
1863 547 1912 595 in
1934 542 2056 596 latus
2078 541 2324 595 descendit

375 617 475 669 fine
496 630 708 686 utroque
738 611 1029 677 divaricare),
1068 629 1215 684 prout
1245 615 1378 667 oculi
1408 614 1586 683 globus
1607 617 1779 670 'versus
1812 635 2048 671 corneam
2079 616 2219 670 latior
2251 615 2323 678 fit,

375 689 515 743 nullo
546 694 740 741 minore
773 687 998 741 musculo
1029 688 1212 759 medioa
1245 701 1250 705 ·
1286 688 1611 743 Membranae
1645 694 1814 758 nigrae
1840 699 2017 745 mucus
2042 690 2177 745 rufus
2201 701 2323 744 con*

375 765 585 833 spicitur.
660 765 848 816 Fasciae
879 760 1156 814 crenulatae
1184 760 1370 814 nullam
1399 762 1763 817 similitudinem
1793 765 1918 828 vidi,
1953 767 2035 819 sed
2063 785 2089 819 a
2121 765 2324 819 choi-012³
2344 786 2352 794 ‘¹

378 839 468 890 dea
497 850 547 890 et
578 839 734 889 retina
765 834 1067 906 procedebat
1095 854 1205 906 pars
1233 834 1393 908 aliqua
1423 839 1584 891 versus
1619 837 1891 906 crystallum
1919 843 1973 892 in'
1999 838 2319 911 campanulae

377 910 592 967 formam
615 911 914 979 turgescens,
953 911 1039 963 sed
1059 914 1266 963 minime
1289 928 1428 976 cava,
1464 913 1602 984 quod
1628 912 1861 985 equidem
1883 912 2035 967 oculo
2062 915 2137 968 vel
2163 932 2320 967 arma-
2343 922 2345 925 ’

376 1000 432 1040 to
454 986 688 1047 viderim,
726 1003 1013 1057 quanquam
1032 985 1140 1037 vasa
1172 985 1540 1057 quadrigemina
1573 987 1914 1058 campanulam
1944 988 2072 1040 hanc
2092 991 2323 1041 intrantia¹

377 1059 506 1114 bene
536 1058 915 1130 conspiciebam.
1028 1063 1178 1111 Vitrei
1209 1059 1528 1113 membranae
1560 1062 1666 1114 vasa
1699 1081 1801 1115 non
1835 1076 1937 1114 tam
1970 1061 2166 1133 liquide*
2182 1076 2236 1115 ut
2269 1067 2321 1114 in

379 1139 588 1205 cyprinis
607 1135 843 1204 perspexi.
919 1133 1080 1186 Usum
1105 1132 1317 1186 fabricae
1344 1133 1590 1202 singularis
1620 1133 1826 1189 sortaffis
1857 1154 1920 1188 ex
1953 1140 2322 1206 comparatione

377 1210 686 1282 reliquorum
706 1209 907 1278 piscium
929 1208 1111 1261 discere
1133 1207 1312 1261 licebit.
1388 1214 1442 1261 In
1467 1212 1676 1276 rajarum
1700 1213 1835 1263 enim
1863 1229 2044 1278 genere
2065 1207 2323 1266 [Vicolcms

376 1281 644 1345 Stemma,
691 1280 890 1354 Ecqua,
923 1279 1206 1354 Campems
1236 1297 1285 1335 et
1315 1280 1576 1337 Morzissous
1607 1285 1940 1354 appendicem
1965 1294 2120 1340 uveae
2151 1285 2324 1353 digita-

377 1372 478 1412 tam
502 1371 827 1420 annotarunt,
865 1375 1016 1428 quam
1051 1356 1309 1427 palpebrae
1328 1361 1437 1410 vice
1456 1357 1621 1411 lucem
1652 1373 1929 1429 temperare
1950 1363 2217 1413 intrantem
2233 1372 2324 1429 pu-

366 1433 558 1507 stabant.
624 1432 718 1485 Sed
739 1430 924 1484 nullam
945 1432 1226 1501 appendicis
1244 1434 1379 1485 istius
1400 1452 1516 1485 cum
1537 1432 1755 1501 crystallo
1778 1439 2146 1488 connexionem
2168 1452 2324 1487 anno-

375 1520 528 1562 tatam
552 1510 745 1577 reperio
760 1543 776 1569 ,
817 1524 967 1578 quam
985 1507 1215 1576 suspicari
1235 1520 1400 1560 tamen
1421 1506 1613 1570 licebit,
1645 1526 1761 1560 cum
1782 1508 2089 1580 reliquorum
2111 1509 2325 1579 piscium

377 1581 723 1652 campanulam
750 1578 929 1634 referre
957 1580 1191 1633 videatur.
1267 1585 1322 1633 In
1361 1585 1499 1652 Sepia
1531 1582 1763 1635 officinali
1793 1582 1943 1636 fimile
1974 1586 2086 1649 raiis
2115 1598 2325 1653 opercu-

378 1656 483 1710 lum
506 1674 567 1708 ex
592 1674 713 1709 uvea
735 1671 901 1709 ortum
922 1652 1628 1710 annotaruntSmammerdam
1640 1653 2073 1726 etBlumezzbczcl13
2105 1662 2156 1709 in
2177 1670 2331 1709 ranae·

379 1730 648 1785 bombinae
672 1729 824 1784 oculo
845 1730 1068 1795 ejusdem
1087 1733 1346 1797 vestigium
1375 1735 1587 1799 reperire
1617 1730 1701 1784 fibi
1732 1733 1855 1785 visus
1878 1734 1945 1784 est
1964 1726 2322 1784 Blmnenbach.

378 1811 435 1860 In
456 1824 700 1877 equorum
722 1803 881 1857 oculis
900 1802 1073 1856 fimiles
1094 1804 1342 1856 interdum
1365 1823 1516 1856 uveae
1534 1805 1829 1875 appendices
1844 1808 2045 1876 reperiri
2066 1808 2329 1858 annotavit-

379 1878 781 1936 Swammerdam
801 1892 848 1929 et
871 1879 978 1947 post
1007 1896 1125 1930 eum
1147 1876 1370 1946 Lower;
1401 1882 1451 1929 in
1478 1878 1721 1947 Antilope
1752 1883 1890 1947 Saiga
1929 1882 2153 1932 constans
2176 1897 2230 1931 ea
2254 1880 2325 1932 est

380 1973 533 2008 uveae
567 1952 812 2023 appendix
839 1952 900 2003 ad
928 1950 1091 2003 lucem
1123 1952 1520 2021 temperandam,
1553 1951 1753 2006 audiore
1776 1953 1851 2007 Cl.
1877 1950 2060 2007 Pallas
2095 1952 2322 2024 Spicileg.

377 2033 481 2085 XII.
510 2048 552 2099 p.
593 2034 674 2079 26.
707 2040 754 2079 et
795 2045 876 2090 37,
978 2030 1030 2077 In
1060 2026 1136 2079 his
1170 2045 1291 2080 vero
1326 2026 1618 2080 animalibus
1645 2026 2045 2099 quadrupedibus
2074 2028 2323 2097 appendix

379 2122 532 2157 uveae
553 2102 699 2155 libera
720 2100 752 2153 fi
788 2100 951 2152 lucem
983 2115 1036 2152 ut
1063 2115 1330 2171 temperet,
1370 2101 1529 2153 addita
1548 2104 1640 2164 est,
1678 2100 1829 2154 fimile
1849 2102 2073 2168 ejusdem
2096 2103 2322 2156 officium

379 2183 430 2233 in
462 2176 669 2249 piscibus
694 2174 1010 2242 cartilagineis
1035 2176 1254 2246 suspicari
1276 2175 1404 2228 licet.
1480 2181 1530 2228 In
1555 2176 1750 2248 reliquis
1777 2191 1961 2239 autem,
1994 2176 2078 2229 ubi
2100 2175 2320 2244 crystallo

380 2251 681 2314 annectitur,
720 2253 939 2320 corporis
962 2249 1130 2302 ciliaris
1155 2249 1417 2303 absentiam
1435 2248 1572 2303 fimul
1596 2251 1838 2303 redimere
1859 2250 2156 2322 crystallique
2178 2251 2321 2304 fitum

380 2330 578 2382 firmare
604 2340 651 2378 et
672 2324 879 2392 dirigere
900 2324 1105 2388 videtur.
1183 2327 1380 2394 Corpus
1402 2328 1532 2377 enim
1551 2324 1709 2377 ciliare
1731 2323 1939 2395 piscibus
1961 2326 2119 2378 deesse
2141 2329 2192 2377 in
2212 2328 2322 2377 uni-

382 2402 575 2455 versum
595 2400 801 2453 affirmat
819 2397 1010 2450 illustris
1030 2395 1271 2451 Hallerzzs
1281 2416 1306 2467 ;
1339 2412 1508 2452 contra
1539 2413 1705 2452 tamen
1727 2404 1776 2452 in
1798 2418 1918 2452 cane
1940 2400 2180 2452 carcharia
2202 2418 2321 2469 pro-

382 2476 536 2530 ceffus
567 2473 753 2527 ciliares
789 2487 1153 2526 commemorat
1181 2469 1438 2528 Nicolaus
1467 2470 1704 2528 Staizouis
1730 2493 1777 2544 p.
1805 2493 1918 2537 105.
1995 2475 2135 2526 Idem
2165 2490 2327 2527 uveae'

381 2549 709 2622 appendicem
742 2547 985 2618 quandam
1015 2552 1067 2599 in
1091 2559 1221 2601 ‘cane
1248 2548 1490 2601 carcharia
1516 2548 1681 2601 vidisse
1707 2549 1896 2601 videtur
1920 2568 1935 2610 3
1997 2546 2146 2619 paulo
2184 2551 2319 2601 enim

381 2629 491 2700 post
519 2625 641 2677 haec
673 2623 839 2675 addit:
903 2619 992 2675 ,De
1022 2639 1173 2676 uvam
1203 2619 1418 2692 musculo
1444 2619 1577 2675 nihil
1598 2620 1679 2676 llic
1706 2620 1916 2685 addam,
1975 2640 2083 2675 cnm
2112 2620 2317 2676 medum

379 2698 492 2773 ipse
512 2695 636 2752 mim·
658 2694 710 2750 in
732 2713 785 2750 eo
793 2694 1136 2767 satisfaciam.
1206 2693 1279 2749 ld
1295 2703 1493 2749 tantum
1512 2693 1594 2749 hic
1612 2691 1841 2754 monebo,
1876 2693 2084 2749 maltum
2102 2693 2316 2765 differre

380 2792 491 2830 eum
511 2768 575 2827 ab
595 2787 746 2825 imeae
766 2768 985 2842 musculo
1019 2768 1071 2825 im
1100 2766 1218 2824 aliis
1243 2766 1471 2842 piscibus
1490 2787 1522 2824 a
1540 2787 1613 2824 me
1631 2768 1851 2838 Parisiis
1880 2765 2171 2841 observaw,
2209 2786 2315 2824 ma-

376 2847 564 2920 gisque
587 2842 813 2899 accedere
832 2842 904 2898 ad
927 2841 1038 2910 illa,
1076 2860 1204 2916 qnae
1226 2840 1406 2899 ibidem
1432 2842 1754 2915 in‘equorum
1785 2839 2027 2914 &omneque
2055 2859 2179 2897 uvea
2199 2861 2316 2897 con-

363 2918 547 2996 speHa
571 2917 845 2991 milzifimzss.
921 2919 1079 2973 Verba
1110 2923 1368 2989 praecipue
1398 2921 1642 2988 postrema
1673 2936 1875 2985 arguere
1905 2919 2130 2971 videntur
2161 2936 2314 2972 uveae

377 2997 701 3067 appendicem
721 3013 824 3046 non
844 2994 1002 3047 solum
1021 2998 1068 3046 in
1089 2992 1294 3063 piscibus
1316 2994 1395 3045 sed
1418 2998 1464 3045 in
1487 2992 1642 3047 boum
1677 2991 1802 3046 adeo
1822 3010 2167 3064 equorumque
2191 3012 2315 3046 ocu-

377 3071 434 3127 lis
466 3089 490 3123 a
516 3074 626 3123 viro
659 3067 939 3122 doeiiffimo
975 3066 1284 3138 conspediam
1316 3066 1523 3119 musculi
1552 3080 1774 3118 naturam
1806 3066 1985 3119 referre
2017 3068 2164 3119 visam
2194 3066 2313 3128 esse3

377 3163 529 3222 quam
568 3142 771 3220 quidem
799 3140 1011 3199 Hallero
1032 3146 1200 3213 etiam
1235 3145 1375 3197 nervi
1413 3142 1518 3196 vasa
1558 3142 2073 3199 comitantis-societas
2107 3137 2323 3270 arguebssres

2119 3233 2228 3269 Vicae
2265 3233 2316 3268 a-
