2571 3775
1071 332 1364 353 “““““““““““”
2081 334 2180 384 325

239 457 342 510 fine
362 450 628 514 bifurciim,
656 444 883 503 inferiore
902 442 1037 499 furca
1059 449 1232 516 recipit
1248 446 1402 499 finem
1421 445 1659 516 scapulae,
1689 445 1938 517 superiore
1958 445 2185 515 longiore

240 533 500 601 magisque
532 527 785 578 divaricata
816 525 1009 592 primae
1041 534 1093 573 et
1124 524 1371 573 maximae
1400 520 1593 591 spinalis
1623 521 1874 574 vertebrae
1902 522 2184 591 processum

246 603 493 659 lateralem
512 616 750 667 magnum
773 594 1020 651 bifurcum
1043 593 1353 666 ampleciitur
1381 599 1524 667 eique
1545 594 1833 666 implicatur.

390 677 610 736 Nomine
641 671 943 742 scapularum
977 684 1024 722 et
1055 669 1403 723 clavicularum
1425 670 1535 723 usus
1567 672 1634 723 cst
1658 675 1805 723 etiam
1827 668 1887 721 de
1909 666 2091 722 offibus
2113 667 2188 722 his

244 753 320 810 Cl.
341 749 526 805 Goucm
537 765 561 816 ;
599 747 678 799 sed
704 744 834 799 recle
857 749 956 813 jam
973 742 1047 799 Cl.
1068 742 1124 799 V
1126 742 1269 816 icq'd'
1269 760 1408 817 azyr
1427 744 1702 807 admonuit,
1732 745 1871 797 usum
1893 742 2078 797 horum
2097 761 2189 795 no-

244 831 440 885 minum
464 822 523 875 ab
549 822 732 875 horum
762 822 941 874 offium
973 819 1146 873 officio
1176 818 1316 889 plane
1345 818 1560 872 alienum
1588 819 1696 872 esse.
1772 821 1922 886 Igitur
1954 835 2188 870 commo-

245 903 374 955 diori
395 896 538 952 sterni
569 900 639 948 uti
667 895 847 948 licebit.
925 899 978 947 In
1012 893 1229 964 piscibus
1261 907 1427 946 tamen
1455 897 1540 956 iis,
1573 897 1662 966 qui
1688 896 1849 963 pinnis
1881 889 2183 945 ventralibus

245 979 379 1044 juxta
405 987 486 1026 aut
503 969 622 1025 infra
653 968 923 1040 pediorales
949 964 1170 1021 instruffi
1199 982 1390 1031 natant,
1422 969 1579 1036 figura
1603 966 1815 1039 fitusque
1839 984 2017 1019 eorum
2041 979 2190 1036 atque

246 1051 373 1104 adeo
394 1064 629 1100 numerus
653 1045 796 1114 plane
824 1044 1041 1096 diversus
1070 1044 1136 1096 est
1150 1079 1165 1105 ,
1204 1061 1357 1114 quem
1378 1042 1501 1097 olim
1519 1040 1869 1097 demonstrabo
1888 1038 2099 1110 apposita
2121 1042 2194 1091 Si-

245 1125 337 1178 luri
377 1120 537 1174 sceleti
573 1118 776 1191 pidiura.
874 1122 1103 1189 Denique
1144 1118 1352 1170 eandem
1393 1117 1513 1170 radii
1552 1120 1698 1188 primi
1725 1120 1904 1187 pinnae
1933 1112 2194 1185 pedioralis

243 1196 535 1253 ssruc‘iuram
564 1209 611 1247 et
638 1191 1027 1246 articulationem
1055 1211 1171 1244 cum
1201 1194 1389 1255 sterno,
1436 1192 1573 1264 quod
1593 1206 1759 1262 aperte
1782 1192 2043 1243 cavitatem
2066 1190 2192 1241 reci-

245 1271 434 1344 piendo
456 1268 596 1322 cordi
634 1266 924 1337 insculptam
956 1265 1130 1329 habet,
1165 1271 1322 1337 reperi
1345 1280 1394 1320 et
1415 1265 1598 1337 pielura
1628 1265 1835 1337 expressi
1855 1266 1905 1316 in
1926 1265 2192 1317 Lot-icaria.

245 1343 324 1402 De
347 1365 448 1419 quo
470 1361 651 1413 genere
669 1341 884 1404 videbiS,
929 1360 1055 1415 quae
1081 1345 1132 1395 in
1161 1340 1439 1397 tabularum
1469 1344 1520 1396 in
1549 1359 1660 1408 aere
1690 1338 2192 1412 expreffat·u1ninter-

248 1424 522 1499 pretatione
541 1420 771 1473 annotavi
790 1414 923 1471 infra.

1050 1539 1136 1597 Ad
1166 1558 1274 1612 pag.
1313 1545 1404 1605 636

395 1638 645 1706 Thynnos
676 1637 760 1690 seu
790 1639 957 1707 potius
987 1654 1200 1704 orcynos
1221 1639 1453 1690 omnium
1482 1638 1704 1706 optimos
1724 1637 1829 1707 capi
1853 1635 1981 1687 circa
2000 1634 2193 1702 Hippo-

250 1721 391 1771 nium
423 1713 584 1766 Italiae
613 1716 663 1763 in
693 1730 807 1773 ora,
865 1710 1082 1782 reliquos
1112 1731 1231 1765 vero
1259 1729 1435 1765 omnes
1476 1715 1761 1783 quicunque
1789 1727 1925 1763 mare
1958 1724 2192 1776 graecum

253 1802 532 1863 pererrent,
572 1805 598 1839 a
622 1785 762 1839 litore
788 1786 880 1838 isto
912 1788 1221 1838 Bruttiorum
1252 1798 1455 1838 exortos
1479 1785 1634 1853 longo
1656 1790 1824 1838 itinere
1845 1787 1944 1851 jam
1964 1779 2193 1834 defecisse

251 1886 371 1919 cum
394 1867 610 1934 primum
630 1865 679 1913 in
701 1878 998 1928 graecorum
1028 1861 1328 1928 piscatorum
1361 1863 1477 1912 retia
1505 1861 1753 1922 incidunt,
1792 1857 1964 1912 ausim·
1982 1858 2049 1911 est
2072 1857 2194 1907 anti-

250 1958 378 2012 quus
403 1933 767 2005 Arclzestratus
796 1933 924 2003 apud
947 1930 1259 1987 Athenaeum
1282 1938 1378 1985 V11.
1407 1953 1454 2004 p.
1477 1953 1594 1997 301.
1671 1932 1862 2002 Quodsi
1881 1931 2102 2000 ejusdem
2126 1929 2195 1982 est

251 2029 306 2067 ut
325 2011 560 2085 equidem
579 2023 721 2079 puto,
748 2005 1078 2076 fragmentum
1103 2007 1190 2061 sub
1211 2006 1410 2061 Hesiodi
1432 2012 1638 2062 nomine
1659 2008 1911 2061 laudatum
1931 2005 1990 2060 ab
2011 2003 2195 2069 Euthy-

256 2090 410 2141 dcmo
446 2085 576 2155 apud
606 2081 922 2136 Athenaeum
946 2085 1019 2136 111.
1052 2102 1100 2153 p.
1127 2088 1240 2135 116.
1269 2081 1353 2134 ubi
1382 2083 1657 2139 salsamenta
1687 2088 1876 2152 trigona
1910 2101 1972 2135 ex
2006 2095 2195 2145 orcyno

255 2162 377 2217 facia
410 2158 774 2220 memorantur,
829 2174 954 2228 quae
983 2171 1283 2210 mercatores
1316 2162 1611 2221 Tarentini,
1670 2160 1914 2229 Campani
1943 2170 1991 2209 et
2018 2154 2197 2207 Bruttii

257 2235 483 2294 Gadibus
536 2231 736 2286 advecla
791 2249 878 2302 per
937 2235 1202 2285 Graeciam
1259 2231 1590 2286 divendebant
1611 2271 1625 2296 ,
1694 2236 1794 2300 jam
1842 2234 1934 2286 isto
1972 2244 2199 2299 tempore

255 2312 404 2380 longa
427 2309 727 2376 thynnorum
744 2307 1072 2375 peregrinatio
1090 2324 1153 2359 ex
1173 2310 1294 2359 mari
1316 2306 1568 2362 Atlantico
1592 2308 1916 2377 ingressorum
1937 2324 2071 2359 mare
2094 2320 2201 2355 me-

258 2388 589 2439 diterraneum
610 2395 657 2434 et
678 2381 737 2434 ad
759 2386 975 2434 Pontum
997 2400 1153 2454 usque
1183 2380 1473 2435 evediorum
1501 2386 1551 2436 in
1582 2386 1810 2437 notitiam
1832 2385 1912 2436 seu
1936 2383 2104 2452 potius
2125 2378 2200 2429 su-

256 2462 527 2531 spicionem
562 2459 785 2509 virorum
818 2453 1086 2508 donorum
1114 2459 1276 2522 venit,
1321 2456 1405 2512 etsi
1430 2453 1727 2528 Aristoteles
1757 2459 1818 2511 de
1846 2457 2021 2511 iberici
2053 2455 2199 2506 maris

258 2536 454 2602 thynnis
479 2530 605 2583 nihil
627 2528 876 2583 inautliiffe
899 2529 1104 2582 videtur.
1161 2532 1241 2583 Est
1261 2544 1428 2584 tamen
1449 2535 1499 2584 in
1522 2532 1647 2586 libro
1673 2533 1735 2586 de
1760 2530 2071 2587 Mirabilibus
2091 2546 2201 2580 nar-

257 2605 532 2664 rationibus
554 2604 640 2659 sub
661 2609 763 2658 eius
784 2608 987 2659 nomine
1017 2605 1158 2659 editis
1180 2623 1282 2677 cap.
1303 2625 1321 2656 1
1336 2618 1417 2669 48.
1441 2605 1582 2662 locus
1603 2614 1829 2677 egregius
1855 2609 1916 2662 de
1934 2607 2199 2679 piscatione

257 2685 562 2751 thynnorum
600 2693 732 2732 extra
764 2677 943 2732 fretum
975 2679 1281 2732 Gaditanum
1311 2683 1547 2744 instituta,
1614 2687 1698 2756 qui
1732 2687 2021 2737 commercii
2055 2678 2200 2730 huius

257 2760 499 2830 piscatorii
519 2759 762 2809 rationem
783 2768 833 2807 et
854 2758 985 2806 viam
1004 2750 1383 2826 antiquiffimam
1403 2759 1652 2810 monstrat.
1700 2758 1990 2818 Phoenice3‚
2022 2755 2202 2824 inquit,

258 2832 371 2888 illos
386 2870 400 2895 ,
437 2834 519 2900 qui
545 2830 712 2882 Gades
736 2827 983 2890 incolunt,
1017 2827 1138 2881 ultra
1156 2828 1411 2883 columnas
1432 2832 1657 2886 Herculis
1679 2833 1880 2886 evedios
1902 2836 2032 2891 aiunt
2049 2840 2201 2880 vento

262 2926 380 2960 cum
401 2903 654 2957 subsolano
679 2918 888 2975 quatuor
919 2903 1112 2955 dierum
1144 2908 1316 2956 itinere
1348 2909 1601 2960 maritimo
1633 2913 1886 2978 pervenire
1908 2896 1966 2960 ald
1989 2906 2096 2960 loca
2116 2901 2202 2953 dc-

261 2982 411 3042 serta,
463 2979 570 3030 ulva
604 2979 821 3050 algisque
848 2977 1015 3049 plena,
1081 2997 1205 3050 quae
1236 2983 1381 3032 maris
1412 2981 1542 3034 aestu
1570 2982 1886 3036 destituantur
1916 2996 1964 3035 et
1994 2978 2201 3035 viciffim

261 3055 547 3109 obruantur.
623 3051 692 3104 Ibi
724 3055 1233 3121 repeririximmensffln
1262 3054 1561 3120 thynnorum
1592 3057 1957 3111 multitudinem
1993 3052 2202 3110 incredi-

257 3130 345 3187 bili
368 3130 594 3200 corporis
617 3142 666 3180 et
686 3129 888 3180 crasfitie
911 3142 961 3181 et
980 3129 1334 3196 magnitudine,
1372 3133 1421 3182 in
1445 3131 1573 3184 vado
1599 3132 1889 3190 destitutam.
1930 3137 2038 3189 Hos
2060 3131 2200 3186 salsos

1207 3206 1270 3254 SS
1314 3222 1332 3265 3
2150 3215 2198 3256 et
