2571 3775
415 299 482 349 26
1196 303 1493 326 “““““““““““·

409 424 552 480 Idem
574 422 648 475 IV.
668 437 716 492 p.
737 412 883 474 621).
916 417 1250 492 sunt-quidam
1282 414 1450 483 modi,
1497 422 1548 473 in
1579 416 1758 491 quibus
1780 424 2038 494 nunquam
2059 435 2153 474 ova
2183 417 2292 476 sunt

415 513 629 570 reperta:
677 510 725 549 et
763 494 894 566 apud
936 513 1028 549 nos
1056 495 1108 547 id
1135 493 1278 565 >quod
1307 509 1511 548 vocatur
1535 492 1654 566 alfh.

560 568 796 642 Ag'onus.
827 568 975 624 Liber
997 570 1348 637 manuscriptus
1379 568 1441 622 de
1472 567 1757 622 nominibus
1776 566 2021 632 Piscium,
2061 587 2212 641 quem
2243 573 2292 623 iia

415 646 720 702 Bibliotheca
760 648 891 712 regia
921 642 1159 698 Parifienfi
1194 641 1468 712 inspestum
1499 644 1640 714 saepe
1666 642 1830 696 laudat
1867 640 2207 717 Clzm'pentier
2242 648 2293 698 in

416 720 663 776 Glossario
694 717 869 780 latim,
916 722 979 772 ita
1002 717 1146 771 habet
1176 716 1262 772 sub
1292 735 1420 770 voce
1459 717 1576 771 hac:
1653 716 1945 772 Chalcidem
1976 749 2043 760 —-
2081 718 2293 772 eandem

413 796 509 850 effe
541 807 676 864 putat
707 791 1026 847 Rondeletius
1051 810 1175 864 quae
1204 796 1257 844 in
1290 790 1418 845 Italia
1447 791 1707 845 ffirdanella
1741 806 1969 855 vocatur,
2009 810 2035 845 a
2073 796 2288 846 maxima

414 888 533 923 cum
553 868 749 921 sardinis
783 865 1119 929 similitudine,
1158 865 1442 932 cujusmodi
1465 870 1620 919 etiam
1652 864 1747 919 fert
1768 869 1942 918 Larius
1972 864 2136 929 lacus,
2167 884 2294 938 quae

414 962 444 997 a
466 940 912 996 Mediolanensibus
930 942 1144 1009 Agonus
1162 943 1459 994 nominatur.
1521 940 1741 993 Eosdem
1759 953 1898 1009 ,putat
1916 940 2010 993 effe
2031 936 2293 1011 Chamma-

410 1016 534 1080 tier‚
569 1035 695 1088 quos
714 1020 894 1068 Statuta
919 1013 1193 1068 Placentina
1218 1013 1462 1082 Agolatos
1479 1016 1588 1084 post
1609 1014 1823 1067 cavedos
1846 1028 1895 1067 et
1912 1013 2167 1067 *barbiolos
2201 1033 2296 1067 no-

414 1097 630 1153 minant,
660 1090 742 1143 sed
761 1088 955 1158 pondus
987 1089 1196 1142 duarum
1221 1087 1452 1143 librarum
1483 1087 1727 1155 adjedlum
1758 1092 1840 1142 vix
1868 1087 1991 1141 mihi
2019 1093 2119 1159 pati
2147 1091 2295 1141 inter-

413 1169 745 1238 pretationem
763 1163 890 1216 hanc
905 1162 1116 1216 videtur.

382 1295 387 1298 ,
562 1236 722 1297 Alex,
754 1239 836 1291 seu
862 1232 1057 1298 Halm,
1089 1236 1225 1290 unde
1250 1232 1465 1302 alecula,
1511 1234 1608 1291 five
1636 1232 1860 1290 haleca-la
1881 1254 2070 1290 nom-en
2093 1233 2293 1290 initalia

414 1328 584 1369 ortum
603 1313 818 1374 videtur„
857 1310 995 1383 quod
1021 1307 1154 1365 «Cato
1176 1314 1332 1364 etiam
1364 1311 1538 1378 posuit.
1641 1306 1880 1381 Aleculae
1910 1306 2132 1364 tabentes
2155 1308 2295 1379 ,apud

417 1383 735 1443 Columellam
755 1390 869 1438 VIII.
899 1404 976 1448 17.
1017 1403 1094 1437 ιε.
1121 1385 1230 1437 sunt
1251 1383 1341 1437 [ale
1366 1385 1607 1437 conditae.
1681 1384 1818 1437 Idem
1855 1389 1970 1436 VIII.
2005 1405 2085 1441 15.
2111 1391 2158 1437 6.
2197 1383 2293 1436 ale·

419 1461 583 1514 culam
612 1459 815 1514 rivalem
837 1472 1106 1521 memorat,
1145 1457 1232 1511 ubi
1250 1473 1414 1511 tamen
1443 1455 1664 1527 Urfimcs
1690 1457 1794 1512 vilis
1828 1457 2015 1511 alecula
2033 1457 2135 1526 legi
2157 1457 2295 1510 vole-

417 1535 528 1598 bat,
562 1534 690 1588 nulla
708 1535 868 1587 addita
888 1537 1090 1587 ratione.
1158 1531 1304 1586 Olim
1324 1531 1431 1586 alex
1452 1531 1751 1586 vocabulum
1783 1532 1924 1586 latius
1942 1531 2155 1603 patebat,
2176 1534 2296 1586 teste

424 1607 603 1665 Plinio
619 1645 634 1672 ‚
666 1622 721 1662 ret
742 1609 803 1661 de
819 1611 1005 1661 muriae
1023 1604 1306 1676 imperfecki
1327 1625 1421 1660 nec
1440 1607 1595 1660 colata
1618 1605 1751 1661 faece
1770 1606 2036 1660 dicebatur.
2113 1608 2296 1662 Artem

420 1684 652 1737 halecum
675 1681 772 1736 lale
788 1681 1189 1736 con-diendorum
1212 1681 1274 1734 ad
1294 1682 1434 1734 usum
1454 1682 1720 1736 hominum
1736 1696 1982 1735 memorat
1998 1684 2099 1749 jam
2121 1679 2295 1734 aucior

418 1757 644 1812 Gallicus
669 1757 735 1810 de
767 1771 934 1809 natura
962 1774 1131 1809 rerum
1159 1755 1294 1825 apud
1331 1753 1655 1809 Vincendum
1685 1761 1829 1808 XVII.
1861 1774 1908 1808 c.
1937 1773 2020 1822 30.
2117 1754 2296 1819 Halec9

423 1835 611 1904 inquit,
654 1833 728 1885 est
759 1831 899 1902 piscis
929 1834 1146 1883 marinus
1175 1829 1450 1883 admodum
1481 1847 1660 1899 parvus
1687 1834 1737 1883 in
1765 1830 1984 1884 occiduo
2014 1833 2134 1884 mari
2157 1829 2295 1902 quod

418 1907 837 1960 mediterraneum
867 1906 934 1958 est
960 1907 1086 1957 inter
1105 1907 1345 1970 majorem
1369 1907 1668 1956 Britanniam
1688 1918 1737 1957 et
1756 1908 2094 1958 Germaniam.
2114 1934 2180 1945 -
2240 1909 2296 1956 Iri

421 1999 528 2053 quo
551 1979 656 2034 solo
678 1978 732 2031 fit
750 1978 943 2032 bonum
960 2014 976 2040 ,
1005 1977 1186 2032 scilicet
1205 1977 1265 2033 ab
1286 1979 1516 2046 Augusto
1548 1978 1699 2049 usque
1727 1979 1788 2031 ad
1805 1978 2169 2040 Decembrem3
2201 1980 2295 2050 qui

419 2074 537 2109 cum
565 2071 736 2107 recens
760 2066 928 2122 captus
948 2049 1094 2105 fuerit
1126 2052 1460 2106 delicatiorem
1487 2051 1654 2105 cibum
1684 2052 1909 2122 praebet3
1958 2052 2098 2106 salsus
2118 2067 2296 2107 autem

413 2133 465 2182 rin
493 2129 632 2183 usum
655 2126 920 2185 hominum
950 2125 1073 2179 ultra
1094 2143 1244 2197 quam
1268 2125 1347 2179 alii
1373 2126 1528 2195 pisces
1558 2126 1698 2179 sanus
1727 2127 1901 2180 durare
1918 2130 2079 2195 potest
2098 2157 2166 2167 —-
2203 2129 2295 2180 sta-

413 2208 509 2257 tim
541 2217 595 2255 ut
614 2205 736 2255 aeris
765 2202 928 2253 serena
949 2203 1229 2267 con-tigerit,
1263 2203 1462 2269 expirat.
1483 2228 1551 2240 —-
1636 2199 1786 2254 Oculi
1810 2204 1913 2267 ejus
1933 2203 2076 2254 instar
2094 2200 2294 2254 luminis

412 2277 483 2329 de
505 2274 653 2330 nocie
672 2274 836 2326 lucent
856 2277 905 2326 in
926 2276 1047 2325 mari
1077 2302 1143 2312 -
1176 2272 1465 2345 ubicunque
1476 2273 1626 2342 super
1647 2292 1796 2345 aquas
1819 2278 1868 2328 in
1892 2278 2016 2327 mari
2033 2274 2202 2328 lumen
2223 2279 2294 2330 vi-

416 2351 567 2414 dent,
604 2351 844 2417 gregatim
877 2346 1129 2408 adnatant,
1178 2361 1226 2400 et
1247 2345 1346 2400 hoc
1376 2349 1477 2400 astu
1502 2347 1626 2399 dum
1653 2348 1713 2400 ad
1734 2352 1853 2401 retia
1886 2347 2026 2403 distis
2054 2353 2293 2419 tempori-

418 2423 516 2477 bus
549 2422 855 2483 alliciuntur‚
903 2418 1035 2492 quafi
1065 2424 1217 2490 parati
1243 2420 1306 2474 ad
1337 2420 1634 2492 capiendum
1656 2422 1831 2477 <divino
1868 2441 2072 2477 munere
2103 2428 2153 2478 in
2183 2425 2297 2479 usus

423 2497 689 2552 hominum
719 2495 1044 2549 deducuntur.
1135 2492 1365 2549 Hibernis
1396 2509 1564 2548 autem
1594 2495 1901 2565 temporibus
1927 2499 2116 2553 [ecreto
2144 2503 2295 2552 maris

418 2573 576 2642 ‚usque
603 2570 664 2623 ad
690 2584 887 2638 tempus
917 2566 1139 2620 debitum
1178 2567 1540 2622 absconduntur
1576 2583 1623 2621 et
1658 2568 1760 2623 hoc
1791 2574 1917 2624 circa
1951 2575 2296 2627 Germaniam.

420 2650 574 2698 Hunc
604 2643 772 2698 locum
808 2642 933 2694 adde
972 2640 1100 2704 aliis,
1139 2658 1267 2712 quos
1298 2641 1497 2711 collegit
1524 2641 1766 2712 diligentis
1807 2641 2102 2717 Sprewgelii
2125 2665 2176 2718 P·
2212 2659 2296 2710 83.

419 2718 725 2774 ⁴Geschichte
747 2717 831 2768 der
853 2715 1271 2785 geographischen
1289 2717 1676 2785 Entdeckungen
1693 2716 1849 2771 Halae
1884 2737 1901 2770 1
1915 2732 1979 2781 78
1995 2739 2037 2783 3.

188 2823 253 2867 Ad
267 2820 398 2874 N0.3.
562 2790 961 2871 Εγκρσισῖχολοι
991 2793 1305 2842 nominantur
1349 2789 1497 2844 semel
1535 2789 1595 2843 ab
1623 2787 1894 2861 Aristotele
1923 2797 1985 2845 H.
2016 2794 2083 2846 A.
2108 2795 2186 2846 VI.
2217 2810 2295 2858 15.

427 2867 513 2922 ubi
532 2867 687 2921 verfio
710 2863 892 2918 Gazae
916 2862 1127 2916 encrauli
1156 2863 1325 2924 habet3
1369 2863 1493 2917 male
1518 2861 1857 2944 Εγγροὲυλεις
1888 2871 2035 2921 etiam
2063 2882 2112 2922 et
2139 2867 2299 2928 λυκο..
2378 2924 2381 2927 ,

419 2937 519 3001 στό
565 2966 626 3011 8ς
652 2937 877 3009 appellari
900 2938 1043 2990 tradit
1069 2934 1317 2990 Aelianus
1334 2943 1448 2990 VIII.
1490 2951 1566 2996 18.
1615 2944 1698 3008 qui
1728 2954 1977 3009 capturam
2006 2960 2181 2995 eorum
2209 2942 2299 2995 de-

427 2968 599 3068 striss‘it.
656 3017 857 3065 Nomen
875 3006 1199 3084 λυχῦστομος·
1214 3030 1311 3082 ,pro
1331 3006 1688 3085 κυκλὸστομος
1709 3032 1771 3066 ex
1788 3014 2058 3068 Codicibus
2079 3011 2298 3069 Aelia‘tlo

429 3091 630 3144 restituit
649 3085 800 3142 (ἴσην.
820 3084 1010 3159 Gesner
1030 3086 1149 3144 xm.
1172 3105 1213 3141 c.
1228 3105 1277 3139 2.
1305 3085 1389 3144 ubi
1406 3086 1626 3145 semilalfi
1644 3087 1947 3143 adhibentur.
1984 3089 2250 3158 Hodieque
2271 3103 2302 3140 a

2099 3164 2303 3217 Graecis
