2571 3775
310 457 428 491 cum
446 437 744 508 parturiunt3
779 448 836 485 ac
863 432 1218 504 saepenumero
1247 429 1453 499 singulas
1479 424 1722 485 foeminas
1746 439 1906 487 mares
1944 439 2083 496 13.et
2105 449 2187 496 14.

311 515 671 582 persequuntur.
735 508 874 560 .Mox
897 505 1115 561 foemina
1143 524 1236 560 ova
1258 505 1581 577 procedendo
1593 511 1799 566 emittit3
1834 525 1991 563 mares
2002 506 2187 560 sectan-

313 601 385 639 tes
427 586 592 637 semen
622 583 764 634 suum
795 585 902 635 ovis
924 582 1226 652 adspergunt.
1317 584 1505 634 Verum
1525 578 1732 649 plurima
1759 594 1978 650 pereunt.
2056 585 2187 648 Qia

313 663 446 711 enim
479 654 698 710 foemina
730 674 833 708 non
861 675 965 718 uno
987 660 1036 709 in
1061 655 1176 709 loa)
1201 653 1462 709 confistens
1484 654 1568 706 sed
1589 653 1759 708 locum
1781 654 1970 725 semper
1993 668 2188 706 mutan-

311 732 380 784 do
401 734 549 800 parit,
590 731 800 799 dissipari
834 749 928 784 ova
960 729 1151 783 neceffe
1183 730 1251 781 est
1289 732 1461 784 fluenti
1488 725 1668 791 mdiu,
1726 745 2051 801 quaecunque
2084 745 2190 780 non

307 809 529 858 materiei
556 803 700 857 alicui
720 803 1035 858 adhaeserint.
1121 806 1298 876 Neque
1335 808 1471 857 enim
1493 801 1619 856 ullus
1643 804 1848 873 piscium
1871 821 1966 858 ova
1990 803 2070 855 sua
2103 821 2190 857 cu-

306 879 453 933 stodit
478 894 668 949 praeter
696 877 859 947 glanin
895 877 980 933 nifi
1021 896 1138 931 cum
1165 882 1391 948 cyprinus
1426 895 1519 932 ova
1543 877 1720 931 alicubi
1747 875 1966 932 conferta
1994 894 2187 950 repere-

306 958 396 1014 rit3
444 968 561 1006 tunc
589 957 722 1006 enim·
753 953 996 1008 custodire
1021 971 1113 1006 ova
1140 955 1390 1022 cyprinam
1417 956 1565 1005 aiunt.
1650 956 1809 1006 Etiam
1843 956 1893 1005 in
1932 951 2030 1005 hoc
2068 950 2190 1004 loco

306 1025 415 1080 libri
437 1028 593 1098 scripti
617 1025 824 1080 turbant.
901 1031 1122 1079 Primum
1146 1029 1287 1079 initio
1317 1026 1471 1080 verfio
1505 1020 1715 1080 Alberti
1750 1045 1843 1096 pro
1867 1030 2068 1096 cyprino
2094 1044 2186 1077 no-

305 1106 460 1154 minat
480 1101 802 1164 Kochomos‚
841 1101 1019 1154 deinde
1043 1101 1324 1161 Kak0m083
1388 1100 1569 1154 deinde
1601 1098 1685 1152 ubi
1717 1103 1767 1151 in
1800 1100 1921 1153 vada
1958 1100 2187 1152 secedere

304 1179 575 1247 parturiens
612 1177 789 1229 dicitur
824 1179 1050 1246 cyprinus
1073 1176 1289 1231 Codices
1308 1179 1519 1244 RegiuS,
1561 1173 1796 1228 Ambros
1814 1178 2074 1227 Vaticanus
2101 1172 2187 1226 ba·-

303 1249 489 1314 linum‚
551 1251 838 1312 Mediceus‚
887 1248 1068 1312 Gaza,
1121 1263 1169 1302 et
1196 1264 1334 1303 vetus
1366 1250 1522 1304 verfio
1551 1248 1804 1311 balerum,
1851 1248 2007 1303 verfio
2041 1244 2187 1302 Scoffi

302 1323 504 1388 selenis,
533 1323 742 1379 Alba-ri
759 1325 1016 1378 kokoneus
1045 1339 1093 1377 et
1120 1321 1316 1392 belenys
1329 1329 1566 1378 nominat.
1642 1328 1873 1396 Denique
1888 1320 2187 1392 Aristotcles

301 1402 417 1452 Vffl.
447 1418 529 1451 20.
564 1403 710 1453 etiam
736 1403 990 1469 cyprinum
1013 1397 1098 1451 sub
1124 1411 1291 1452 ortum
1315 1399 1562 1453 caniculae
1586 1396 1778 1452 fiderari
1801 1403 1892 1461 ait,
1928 1412 1982 1450 ut
2003 1397 2187 1465 glanin,

298 1473 454 1527 levius
478 1489 642 1528 tamen
670 1488 718 1526 et
740 1472 1001 1527 tonitribus
1022 1476 1213 1542 magnis
1237 1474 1397 1544 sopiri.
1494 1475 1820 1531 *Postremum
1841 1472 2010 1526 locum
2029 1487 2183 1525 trans-

299 1548 407 1601 tulit
434 1545 641 1602 Fliwizts
662 1553 723 1600 X.
751 1567 851 1619 cap.
885 1556 959 1600 16.
994 1547 1301 1602 fluviatilium
1332 1547 1502 1601 filurus
1527 1546 1776 1601 caniculae
1801 1562 1982 1601 exortu
2010 1546 2187 1600 fidera-

299 1639 406 1685 tur,
441 1637 490 1676 et
510 1622 624 1686 alias
644 1623 832 1693 semper
855 1620 1047 1692 fulgure
1074 1624 1271 1693 sopitur.
1347 1627 1462 1678 Hoc
1488 1637 1537 1676 et
1555 1627 1604 1676 in
1625 1627 1748 1676 mari
1771 1623 1996 1675 accidere
2026 1625 2179 1691 cypri-

299 1718 368 1752 no
387 1711 570 1769 putant.
623 1701 752 1750 Facit
778 1700 924 1765 igitur
947 1716 1112 1751 errore
1138 1701 1393 1768 cyprinum
1418 1702 1679 1751 marinum.
1733 1695 2010 1769 Oppianus
2030 1700 2179 1749 etiami

297 1777 329 1825 Ι.
363 1791 425 1824 10
442 1791 478 1823 ι.
501 1776 749 1824 marinum
770 1776 1027 1842 cyprinum
1052 1772 1211 1826 littora
1236 1771 1441 1825 humilia
1461 1773 1659 1826 arenosa
1675 1787 1924 1825 amantem
1948 1790 2176 1825 comme-

297 1861 476 1909 morat,
493 1860 739 1917 praeterea
752 1865 919 1900 nemo.
976 1846 1072 1899 Sed
1084 1865 1146 1899 ex
1158 1846 1381 1913 ejusdem
1397 1844 1635 1919 Oppiam
1649 1848 1789 1901 versu
1811 1865 1928 1913 592.
1962 1849 2179 1917 appare&

298 1936 496 1991 poetam
523 1940 688 1974 rerum
707 1935 907 1974 naturae
941 1939 1043 1974 non
1080 1920 1215 1974 aliter
1243 1920 1328 1975 nifi
1350 1920 1505 1975 aliena
1539 1920 1824 1976 au&oritate
1860 1925 2072 1992 peritum
2099 1939 2176 1973 er-

298 2014 410 2049 rore
444 1996 531 2048 suo
563 1998 759 2048 marinis
785 1995 1094 2051 immiscuisse
1118 1999 1387 2066 cyprinum.
1502 1994 1571 2049 Ibi
1603 2001 1735 2050 enim
1775 1995 1933 2049 solum
1970 1996 2174 2065 piscium

297 2074 553 2140 cyprinum
577 2067 834 2142 quinquies
862 2074 913 2122 in
942 2088 1072 2123 anno
1100 2088 1266 2139 parere
1287 2068 1459 2131 refert3
1525 2071 1664 2142 quod
1692 2071 1754 2123 de
1774 2070 1994 2124 fluviatili
2019 2069 2176 2122 afferit

294 2140 604 2213 Aristoteles.
681 2148 834 2197 Vetus
858 2140 1151 2214 Aristotelis
1175 2143 1328 2197 verfio
1350 2147 1607 2214 cyprinum
1634 2142 1682 2199 C
1677 2161 1891 2217 arpmm
1915 2149 2177 2208 nominare

293 2218 468 2273 dicitur
485 2236 511 2269 a
537 2215 684 2270 Gallo
705 2214 902 2271 Canms.
981 2221 1224 2287 Scriptum
1245 2215 1380 2271 fuiffe
1409 2218 1600 2271 videtur
1620 2216 1869 2291 Carpem.
1947 2223 2011 2272 Ita
2036 2223 2173 2273 enim

293 2306 542 2364 nuncupat
561 2290 731 2346 audior
751 2291 813 2344 de
838 2305 1006 2344 natura
1031 2310 1197 2344 rerum
1219 2292 1346 2363 apud
1380 2289 1433 2347 V
1439 2290 1707 2346 itzceutiztm
1729 2298 1873 2346 XVII.
1906 2308 1989 2356 40.
2033 2296 2175 2358 cujus

296 2368 467 2422 locum
487 2371 662 2438 partim
686 2366 995 2437 transscripsit
1016 2371 1195 2437 partim
1218 2365 1444 2420 refutavit
1466 2362 1716 2422 Albertzts
1727 2372 1899 2421 XXIV.
1926 2387 1972 2439 p.
1991 2386 2110 2430 042.
2132 2386 2173 2421 a.

292 2440 540 2497 Aelianus
560 2446 683 2494 XIV.
700 2460 726 2493 2
742 2459 782 2503 3.
857 2443 956 2495 Istri
980 2443 1115 2494 fluvii
1149 2445 1376 2512 cyprinos
1397 2445 1565 2510 nigros
1594 2446 1846 2504 nominat3
1887 2458 1938 2496 et
1962 2440 2173 2497 Plinius

293 2522 470 2570 XXXI.
494 2514 603 2569 sest
633 2536 718 2581 τῳ.
747 2513 830 2567 ubi
856 2516 918 2569 de
933 2520 1144 2586 cyprinis
1170 2518 1442 2570 Armeniae
1468 2520 1618 2584 nigris
1653 2531 1702 2570 et
1729 2516 1974 2580 letalibus,
2017 2519 2172 2590 quod,

290 2597 471 2664 inquit,
514 2605 562 2644 et
585 2595 711 2643 circa
735 2589 948 2644 Danubii
975 2604 1207 2644 exortum
1232 2592 1420 2653 audivi,
1459 2590 1621 2644 donec
1649 2596 1868 2645 veniatur
1888 2593 1949 2645 ad
1977 2590 2170 2646 fontem

287 2666 428 2722 alveo
458 2665 759 2737 appositum,
799 2664 883 2717 ubi
906 2667 1072 2718 finitur
1092 2666 1140 2718 id
1160 2684 1318 2735 genus
1339 2667 1560 2737 piscium.
1616 2669 1827 2739 Carpam
1841 2666 2058 2722 Danubii
2078 2687 2172 2723 no·-

286 2746 439 2795 minat
463 2737 778 2812 Caffiodomts
797 2744 896 2792 XII.
926 2739 1121 2811 epistola
1147 2761 1281 2807 4⁵-

436 2821 580 2886 Qiae
620 2811 912 2868 Atlzetmeus
946 2814 974 2867 l.
999 2835 1040 2868 c.
1077 2835 1139 2869 ex
1177 2811 1447 2885 Aristotele
1476 2811 1623 2867 refert
1655 2818 1911 2886 cyprinum
1946 2815 2166 2885 linguam

288 2910 390 2944 non
432 2895 481 2943 in
510 2889 726 2960 inferiori
766 2894 866 2943 oris
907 2904 1041 2961 parte
1069 2891 1151 2943 sed
1189 2895 1239 2944 in
1261 2892 1495 2960 superiori
1519 2889 1724 2951 habere,
1769 2891 2007 2961 <palatum
2036 2891 2166 2956 vult)

285 2966 336 3018 id
370 2965 746 3036 quodammodo
778 2984 840 3018 ex
867 2964 1145 3036 philosophi
1175 2964 1292 3020 loco
1325 2966 1460 3033 supra
1503 2963 1659 3033 pofito
1691 2968 1848 3035 potest
1882 2963 2022 3033 cogi‘3
2081 2965 2166 3018 sed

288 3041 424 3111 q'uod
448 3040 597 3102 addit,
619 3058 762 3092 carne
783 3039 997 3092 victitare
1021 3055 1069 3092 et
1088 3043 1133 3092 in
1157 3059 1309 3109 grege
1325 3043 1513 3098 vivere,
1546 3057 1663 3091 cum
1691 3038 1780 3092 illis
1801 3054 2001 3109 pugnat,
2038 3058 2167 3111 quae

282 3115 345 3169 de
375 3121 575 3190 cyprino
589 3113 731 3169 nobis
752 3113 1246 3171 didionaturarerum
1259 3115 1420 3170 docet.
1460 3111 1695 3169 Nififorte
1707 3133 1856 3189 quem
1869 3109 2163 3168 Athenaeus

2097 3206 2160 3242 ex
