2571 3775
430 332 503 383 90
1233 324 1524 349 ““”““““““““”

432 443 572 518 quod
600 440 776 496 habeat
794 440 939 507 hujus
964 440 1268 494 instrumenti
1291 441 1519 508 figuram.
1595 439 1689 494 Sed
1701 438 1822 495 haec
1844 440 1987 512 plane
2013 447 2174 515 inepta
2200 446 2320 500 sunt.

433 517 744 588 Etymologia
764 513 983 588 profecta
1006 517 1074 568 est
1091 532 1120 568 a
1152 511 1219 570 V
1211 531 1427 578 arrone,
1476 528 1531 568 ut
1561 531 1736 571 monet
1765 513 2002 588 Scaliger
2031 520 2092 572 ad
2119 516 2323 592 Festum

472 636 484 647 .
513 614 531 646 1
583 611 629 645 2.

249 673 375 724 1258.
437 614 469 666 p
542 613 825 745 92029y0;‚
863 667 1052 732 Sargus.
1088 657 1375 732 Aristoteles
1394 666 1452 715 V.
1475 681 1522 729 9.
1557 661 1631 716 bis
1650 667 1773 733 parit
1794 665 1984 733 largus,
2027 684 2139 720 vere
2165 682 2215 720 et
2237 687 2323 721 au-

228 729 310 773 No.
338 740 380 771 ²·
440 757 636 797 tumno.
713 747 912 793 Veteres
942 738 1184 791 editiones
1227 735 1326 789 hoc
1365 734 1482 790 loco
1495 734 1718 808 sardum
1755 739 2104 805 nominabant,
2139 742 2221 794 sed
2259 761 2322 796 ex

441 813 703 875 Athenaeo
723 817 824 866 VII.
849 830 904 881 ¹p.
935 829 1050 874 321.
1095 810 1286 877 sargum
1322 812 1526 863 restituit
1552 807 1896 866 Rowdeletim.
1989 814 2323 871 Hanclefflo-

446 910 564 946 nem
586 887 801 943 Codices
821 890 1108 946 Vaticanus,
1147 883 1423 946 Mediceus,
1456 888 1589 937 Beati
1602 884 1848 947 Rhenani‚
1870 884 2045 948 „Gaza
2056 904 2105 942 et
2118 887 2326 945 Pliqqmg

442 969 527 1019 IX.
549 983 589 1016 e.
615 983 636 1024 5
658 981 695 1013 r.
725 958 1032 1031 praeferunt3
1070 972 1212 1012 vetus
1236 957 1389 1011 verfio
1410 954 1639 1028 Surgam
1658 962 1897 1013 nominat.
1992 960 2139 1017 Scoti
2167 965 2320 1019 verfio

447 1058 565 1092 cum
588 1036 778 1091 Codice
797 1038 953 1103 Regio
973 1033 1110 1086 Parifi
1129 1033 1322 1100 sargum
1338 1031 1480 1101 plane
1506 1036 1740 1086 omittunt
1766 1040 1824 1087 V.
1846 1054 1863 1085 1
1884 1055 1924 1085 1.·
1956 1035 2156 1105 plurimi
2171 1040 2338 1107 pisces·

446 1116 644 1185 pariunt
663 1109 814 1163 tribus
841 1107 1085 1163 menfibus
1106 1110 1316 1167 Martio,
1364 1105 1523 1176 Aprili
1548 1121 1597 1159 et
1622 1110 1787 1173 Maj03
1838 1113 1982 1177 pauci
2005 1126 2245 1166 autumno
2274 1127 2325 1165 ut

447 1187 573 1257 {alpa
599 1200 648 1239 et
664 1185 854 1252 sargus,
891 1182 1040 1253 paulo
1060 1195 1169 1235 ante
1188 1179 1574 1252 aequinoffium.
1633 1181 1787 1235 Paulo
1806 1185 1916 1252 post
1940 1184 2094 1238 addit:
2130 1203 2193 1238 ex
2215 1206 2326 1239 mu-

451 1261 607 1332 gilum
635 1277 816 1328 genere
839 1261 973 1311 coire
992 1259 1233 1326 incipiunt
1254 1269 1399 1326 atque
1424 1271 1621 1308 uterum
1648 1274 1817 1323 gerere
1846 1260 2066 1327 primum
2092 1259 2327 1315 Chelones

449 1335 736 1407 (labeones)
747 1332 910 1386 mense
922 1329 1207 1392 Decembri,
1222 1332 1340 1381 item
1351 1330 1530 1397 fiirgus,
1553 1348 1739 1396 myxon
1755 1346 1804 1383 et
1822 1332 2081 1401 cephalu83
2130 1350 2328 1388 uterum

452 1423 630 1480 gerunt
643 1427 730 1478 per
749 1426 810 1470 30
839 1406 954 1459 dies.
1007 1402 1351 1459 Gazaeverfio
1363 1402 1479 1457 loco
1496 1406 1766 1473 posteriore
1773 1403 2047 1476 sangonam,
2071 1409 2219 1478 paulo
2244 1428 2329 1462 an-

451 1499 530 1538 tea
559 1502 679 1537 vero
686 1480 886 1555 sargos
912 1483 1147 1534 nominat.
1208 1478 1387 1531 Codex
1420 1482 1566 1530 etiam
1598 1480 1737 1531 Paris?
1769 1494 1818 1531 et
1844 1480 2076 1535 Ambrofi
2095 1483 2329 1554 scriptum

451 1556 729 1630 praeferunt
762 1550 997 1635 5029740223
1051 1571 1159 1606 eam
1189 1555 1335 1619 igitur
1363 1550 1629 1605 lediionem
1658 1554 1849 1607 secutus
1885 1556 1949 1608 est
1981 1554 2150 1611 Gaza.
2238 1558 2331 1611 Sed

452 1637 616 1706 priore
642 1629 756 1685 loco
773 1627 1053 1700 sargimtm
1086 1629 1379 1706 (σωργῖνοι.ν>
1409 1627 1756 1696 reponendum
1785 1629 1970 1683 censuit
2002 1629 2334 1686 Ko'udeletius

456 1724 672 1777 eumque
691 1706 879 1757 secutus
908 1705 973 1755 est
994 1719 1150 1772 nuper
1176 1702 1388 1764 Camus,
1424 1719 1486 1753 ne
1517 1701 1696 1754 scilicet
1715 1702 2040 1773 Philosophus
2070 1709 2119 1757 in
2150 1707 2332 1760 eodem

457 1785 613 1851 capite
640 1778 725 1832 fibi
756 1778 851 1847 ipse
881 1776 1190 1849 obloquatur.
1286 1775 1493 1829 Videtur
1523 1779 1670 1828 etiam
1699 1779 1969 1846 posteriore
1997 1779 2113 1833 loco
2140 1782 2332 1849 sargum

458 1870 541 1909 aut
560 1854 593 1908 fi
615 1857 768 1906 mavis
789 1852 1045 1919 sargonem
1066 1869 1128 1903 ex
1149 1848 1393 1917 mugilum
1408 1867 1588 1918 genere
1603 1847 1776 1903 facere.
1797 1857 1874 1904 VI.
1907 1872 1983 1916 17.
2027 1857 2168 1908 Circa
2193 1874 2334 1908 men-

459 1931 559 1983 sem
579 1925 912 1981 Decembrem
933 1929 1067 1979 coire
1091 1939 1140 1977 et
1157 1943 1244 1994 per
1272 1942 1334 1984 30
1356 1924 1460 1976 dies
1482 1938 1677 1976 uterum
1700 1943 1869 1993 gerere
1898 1928 2090 1995 sargum
2125 1949 2241 1982 cum
2269 1929 2335 1982 la-

458 2003 623 2058 beone
642 2016 691 2055 et
709 2019 940 2067 myxone.
1015 1998 1165 2052 Paulo
1188 2000 1296 2068 post
1331 1998 1488 2051 addit:
1531 1997 1711 2068 salpam
1743 2004 1944 2054 ineunte
1967 2004 2138 2056 aestate
2162 2023 2334 2074 parere

461 2077 813 2148 utplurimum,
863 2088 1104 2126 autumno
1145 2088 1309 2126 tamen
1350 2077 1496 2125 etiam
1525 2074 1786 2126 interdum.
1895 2074 2055 2129 Etiam
2084 2077 2183 2132 hoc
2218 2078 2335 2133 loco

447 2150 728 2225 sarginum
749 2166 988 2219 reponere
1012 2146 1145 2211 jubet
1166 2144 1522 2208 Rondeletiu5‚
1556 2165 1707 2219 quem
1730 2150 2033 2204 nonsecutus
2055 2155 2120 2204 est
2136 2150 2334 2207 Cmnus,

459 2221 657 2279 Alberti
681 2222 830 2277 verfio
856 2226 1078 2275 nominat
1107 2216 1286 2275 baroz.
1351 2225 1470 2273 VIII.
1499 2239 1543 2271 ο.
1584 2225 1755 2289 Sargus
1775 2224 1917 2275 mulli
1939 2224 2164 2296 reliquias
2189 2226 2336 2280 sedia-

459 2315 565 2361 tur3
597 2317 713 2351 nam
733 2296 816 2350 ubi
837 2296 916 2349 ille
940 2296 1045 2348 luto
1063 2299 1278 2348 excitato
1298 2293 1436 2356 abiit,
1471 2292 1641 2347 fodere
1667 2300 1799 2348 enim
1820 2301 1995 2367 potest,
2032 2299 2112 2353 hic
2137 2301 2335 2354 descen-

461 2375 531 2426 dit
554 2387 602 2426 et
622 2373 852 2443 pascitur,
890 2367 1334 2439 imbecillioresque
1354 2387 1416 2420 ne
1449 2368 1631 2421 eodem
1650 2369 1901 2434 minarent,
1930 2388 2076 2426 arcet.
2133 2381 2207 2428 Ex
2232 2394 2335 2447 quo

462 2444 671 2503 Plinius
699 2451 779 2497 IX.
805 2464 845 2496 c.
879 2462 957 2503 17.
1010 2441 1224 2495 Mullum
1257 2442 1489 2494 lutarium
1520 2442 1711 2512 semper
1745 2449 2010 2500 comitatur
2040 2453 2213 2518 Sargus
2244 2471 2337 2505 no-

462 2525 600 2574 mine
630 2519 749 2572 alius
777 2519 943 2588 pisciS,
977 2531 1024 2569 et
1052 2535 1266 2570 coenum
1301 2515 1519 2569 fodiente
1554 2535 1616 2570 eo
1656 2523 1923 2573 excitatum
1952 2523 2154 2577 devorat
2183 2525 2339 2595 pabu-

463 2595 581 2648 lum.
656 2592 916 2661 vulgatam
968 2589 1235 2644 lectionem
1279 2587 1561 2660 Aristotelis
1611 2595 1920 2667 ἐπινέμῃ-Μ
1968 2593 2066 2671 77>v
2110 2600 2340 2679 τρίγλαν

460 2663 655 2733 Alberti
691 2666 845 2720 verlio
888 2664 1074 2718 reddit:
1145 2661 1407 2733 catitffgoz
1450 2663 1660 2718 comedit
1713 2667 1977 2738 tngulam
2023 2680 2071 2724 et
2114 2672 2334 2729 maxime

463 2749 615 2799 cavat
633 2739 807 2794 lutam.
885 2739 1098 2793 Codices
1120 2737 1352 2791 Ambros
1370 2742 1583 2792 Vatican.
1606 2754 1655 2791 et
1677 2744 1859 2808 Regius
1891 2743 2075 2797 habent
2103 2748 2334 2818 scriptum

461 2817 803 2894 ἐπιλέγεταμ
844 2815 923 2867 sed
945 2814 1123 2867 Codex
1134 2813 1389 2865 Mediceus
1411 2827 1459 2866 et
1481 2813 1715 2867 Caiiifiani
1738 2816 1915 2870 τεθῇ-ιε
1935 2822 2005 2892 τῇ
2024 2822 2218 2901 τρίγλῃ
2245 2822 2336 2876 levi

463 2898 737 2945 mutatione
757 2887 1059 2958 praeferunt3
1106 2905 1255 2958 quam
1275 2885 1544 2939 lechonem
1566 2903 1613 2940 et
1637 2885 1846 2942 Plinius
1877 2908 1926 2944 et
1956 2893 2112 2948 Gaza
2143 2888 2267 2950 bene
2289 2913 2338 2950 et

463 2964 592 3018 reete
616 2964 961 3033 expresserunt.
1040 2966 1227 3014 Mirum
1248 2964 1397 3028 igitur
1419 2961 1743 3014 nihilominus
1770 2964 1970 3019 Gallum
1995 2968 2176 3023 [mnus
2198 2972 2334 3023 secu-

461 3053 568 3090 tum
601 3039 692 3091 effe
724 3033 981 3091 Albertzmz
1013 3050 1062 3089 et
1091 3035 1320 3105 posuiss‘e:
1382 3033 1451 3089 Le
1472 3034 1639 3106 sarge
1673 3053 1853 3106 mange
1882 3037 1923 3092 le
1940 3040 2225 3112 snrmulet:
2269 3062 2338 3098 au

461 3119 671 3168 moment
691 3109 754 3164 οιὶ
775 3107 1010 3183 celui-fi,
1051 3107 1142 3181 qm'
1163 3107 1413 3181 s’ewfotzce
1434 3107 1561 3182 dans
1583 3108 1632 3163 la
1654 3105 1802 3175 bone,
1841 3110 1889 3167 lez
1920 3120 2246 3189 remnepom
2279 3136 2337 3172 en

2152 3188 2332 3263 forsit*
