2571 3775
439 314 509 362 74
1225 308 1517 329 Ἀ

445 425 605 482 solum
624 423 798 496 pinnas
827 423 890 477 ad
918 421 1177 478 branchias
1208 420 1445 494 appofitas
1473 420 1680 483 habent,
1728 420 2053 491 (ventralibus
2083 422 2327 478 deficien-

446 501 602 565 tibus)
637 513 691 552 ut
719 497 929 567 anguilla
958 513 1007 552 et
1037 501 1209 553 cestrei
1241 517 1365 570 quos
1397 497 1529 550 lacus
1559 495 1820 565 Sipharum
1851 501 2025 566 gignit.
2092 499 2232 551 Idem
2256 499 2319 552 de

408 636 411 638 ,
446 573 635 629 Inceffu
652 578 685 626 Ι.
719 591 820 642 cap.
845 591 891 635 7.
922 591 1076 640 genus
1112 572 1312 644 aliquod
1346 573 1645 625 cestreorum
1666 574 1717 623 in
1738 568 1847 623 lacu
1869 571 2316 641 Sipharumnatum

450 650 570 702 duas
592 662 779 701 tantum
800 650 970 717 pinnas
1002 646 1179 700 habere
1201 646 1348 698 tradit
1369 660 1424 698 ut
1450 663 1696 713 congrum
1723 658 1774 696 et
1804 645 2094 713 anguillam,
2141 660 2192 698 et
2220 646 2317 699 hos

425 725 661 777 cest-reos
690 724 960 775 inflexione
992 723 1215 791 corporis
1247 719 1622 791 quadruplicem
1648 733 1848 773 motum
1879 718 2185 791 reliquorum
2214 724 2318 773 ani-

430 796 653 856 ‘malium
696 812 965 866 exaequare
998 795 1167 855 tradit,
1229 793 1503 865 eademque
1540 796 1722 862 repetit
1762 792 1827 857 de
1874 792 2097 847 Partibus
2117 799 2195 846 IV.
2240 814 2322 857 ¹3»

451 873 620 941 Atque
641 868 699 920 ad
712 870 810 921 hoc
822 886 977 936 genus
998 872 1243 939 pertinere
1256 865 1442 920 clarum
1456 867 1548 921 effe
1561 881 1686 937 puto
1699 882 1825 937 quae·
1837 865 1983 921 refert
1992 868 2321 938 Philosophus
2403 916 2405 919 .

445 947 503 997 *in
527 944 738 996 Historia
758 941 970 994 Animal.
1000 947 1079 996 VI.
1111 963 1126 993 1
1145 961 1187 1001 ς.
1267 944 1413 1003 Sunt,
1455 944 1642 1012 inquit,
1677 945 1767 1013 qui
1790 937 1918 995 limo
1951 956 2001 995 et
2029 959 2173 995 arena
2202 961 2322 1012 pro-

452 1021 677 1079 veniant,
713 1022 859 1069 etiam
884 1036 946 1070 ex
967 1020 1023 1070 iis
1045 1014 1305 1085 generibus
1328 1033 1454 1087 quae
1476 1033 1537 1068 ex
1560 1018 1697 1068 coitu
1719 1029 1865 1087 atque
1885 1019 1990 1069 ovis
2011 1032 2321 1083 generantur,

431 1092 589 1164 ‘quod
612 1105 718 1144 tum
745 1090 845 1143 aliis
867 1094 920 1144 in
947 1089 1145 1144 lacubus
1172 1104 1280 1143 tum
1311 1109 1438 1143 vero
1459 1090 1589 1160 apud
1621 1089 1850 1142 Gnidum
1875 1088 2060 1143 saelum
2089 1089 2184 1141 effe
2215 1108 2322 1142 me-

437 1174 664 1221 qmorant.
731 1169 920 1233 Stagnis
950 1169 1084 1218 enim
1113 1163 1198 1217 sub
1229 1167 1361 1217 canis
1391 1178 1560 1219 ortum
1591 1163 1837 1217 exsiccatis
1858 1178 1908 1217 et
1928 1163 2049 1217 limo
2067 1167 2206 1217 omni
2235 1183 2326 1218 ex-

454 1241 653 1302 hausto,
691 1239 773 1292 ubi
794 1238 1266 1309 primum'imbribus
1287 1237 1397 1292 loca
1426 1240 1586 1307 stagna
1608 1252 1891 1307 coeperant,
1923 1237 2140 1308 pisciculi
2161 1238 2326 1292 nasce·

439 1315 657 1377 bantur,
685 1314 1020 1382 magnitudine
1041 1331 1299 1384 parvarum
1318 1331 1621 1366 maenarum.
1697 1314 1871 1365 Genus
1885 1313 1935 1363 id
1949 1312 2324 1382 eratmugiium,

446 1388 716 1459 ‘nullusque
737 1403 820 1440 aut
834 1389 998 1441 semen
1017 1402 1101 1440 aut
1126 1406 1218 1441 ova
1239 1385 1459 1441 habebat.
1527 1389 1688 1440 Etiam
1707 1390 1758 1439 in
1779 1385 1921 1438 Aiiae
1935 1389 2132 1449 fluviis,
2172 1386 2254 1440 ubi
2275 1390 2326 1440 in

456 1476 592 1518 mare
613 1463 657 1514 se
678 1463 948 1525 effendunt,
966 1462 1187 1531 pisciculi
1209 1461 1412 1533 quidam
1434 1459 1771 1530 magnitudine
1783 1463 2120 1514 intestinorum
2142 1460 2331 1535 hepseti

460 1538 717 1591 'nascuntur
738 1537 918 1589 eodem
935 1537 1106 1590 modo.
1177 1539 1299 1590 Sunt
1316 1539 1401 1607 qui
1429 1538 1640 1590 omnino
1663 1553 1818 1603 genus
1840 1549 2003 1588 totum
2025 1537 2330 1590 cestreorum

459 1615 527 1665 ita
548 1612 674 1663 nasci
696 1611 886 1672 dicant3
926 1615 1091 1664 minus
1111 1609 1243 1664 reeie
1265 1625 1444 1663 tamen.
1543 1610 1788 1672 Videmus
1818 1614 1951 1662 enim
1986 1608 2193 1664 feminas
2223 1615 2331 1664 ovis

464 1700 514 1739 et
539 1703 697 1737 mares
732 1685 912 1738 semine
961 1685 1147 1754 plenos.
1232 1691 1421 1738 Verum
1458 1702 1613 1753 genus
1642 1683 1842 1755 aliquod
1872 1685 2171 1738 cestreorum
2203 1689 2335 1751 ejus-

450 1759 604 1814 -modi
622 1761 714 1821 est,
751 1760 890 1831 quod
912 1778 1013 1812 non
1034 1764 1167 1813 coitu
1188 1759 1266 1811 sed
1289 1777 1350 1810 ex
1372 1757 1494 1811 limo
1515 1772 1564 1810 et
1585 1775 1728 1810 arena
1749 1759 1968 1809 nascitur.
2053 1764 2103 1811 In
2127 1760 2229 1811 fine
2247 1759 2335 1812 de·-

465 1838 614 1905 nique
659 1838 827 1902 capitis
861 1833 994 1886 addit
1028 1847 1272 1903 praeterea
1308 1832 1401 1886 effe
1441 1836 1589 1886 etiam
1630 1849 1806 1902 apuam
1840 1829 2051 1903 aliquam
2087 1830 2331 1886 foeturam

450 1926 748 1961 maenarum
767 1926 1034 1978 <parvarum
1067 1922 1117 1961 et
1148 1909 1460 1960 cestreorum.
1536 1909 1632 1958 Hic
1661 1910 1878 1975 primum
1909 1911 2227 1960 annotatione
2256 1908 2333 1959 di-

463 1999 621 2048 gnum
649 1983 716 2034 est
736 1984 787 2032 in
808 1986 991 2049 graecis
1013 1981 1165 2034 hodie
1186 1986 1248 2034 ita
1268 1980 1388 2048 legi:
1434 1999 1591 2049 genus
1613 1980 1663 2032 id
1682 1979 1924 2048 mugilum
1958 1983 2033 2047 (in
2065 1980 2173 2034 lacu
2207 1986 2335 2035 Gni-

464 2055 549 2108 dio
569 2058 843 2124 repertum)
863 2069 990 2117 erat,
1029 2056 1167 2126 quod
1191 2052 1253 2107 ei}
1284 2060 1416 2108 coitu
1447 2058 1627 2115 oritur,
1673 2053 2017 2121 magnitudine
2044 2064 2332 2109 maenarum

464 2147 749 2200 parvarum3
790 2129 870 2181 sed
892 2129 1069 2182 Codex
1088 2130 1349 2182 Mediceus
1369 2147 1484 2180 curn
1505 2130 1684 2181 vetusta
1705 2127 1923 2181 verfione
1945 2147 1969 2180 a
1993 2129 2140 2183 Gallo
2151 2128 2337 2184 Carnus

466 2201 675 2272 inspedla
706 2206 1022 2270 negationem
1054 2204 1237 2264 inserit,
1281 2217 1336 2254 ut
1364 2221 1519 2269 genus
1549 2201 1669 2254 illud
1701 2201 1944 2269 mugilum
1973 2220 2034 2254 ex
2066 2207 2201 2256 coitu
2229 2213 2335 2258 non

394 2321 397 2324 .
470 2279 601 2343 nasci
624 2275 778 2329 solere
800 2276 1001 2342 dicatur.
1071 2281 1238 2343 Qiam
1258 2276 1459 2346 quidem
1480 2273 1744 2344 lecslionem
1766 2279 1837 2327 uti
1856 2281 2041 2345 recepit
2061 2274 2246 2331 Camzw
2267 2282 2333 2331 ita

471 2366 521 2403 et
544 2351 642 2419 ipse
664 2349 887 2419 approbo
907 2364 957 2402 et
976 2349 1122 2405 video
1154 2350 1362 2402 eandem
1391 2349 1660 2418 expreffam
1682 2352 1732 2400 in
1761 2363 1924 2402 vetere
1954 2349 2172 2404 verfione
2203 2353 2338 2422 apud

479 2420 535 2478 V
538 2421 802 2476 intem-ima
824 2429 969 2476 XVII.
994 2443 1097 2493 cap.
1125 2424 1239 2487 141.
1323 2420 1531 2476 Albani
1558 2421 1711 2475 verfio
1741 2441 1837 2492 pro
1855 2425 2050 2478 cestreis
2069 2424 2142 2478 bis
2162 2429 2213 2478 in
2233 2425 2341 2480 hoc

472 2496 591 2550 loco
630 2497 810 2549 reddit:
868 2494 928 2550 tle
953 2494 1140 2568 genere
1155 2493 1476 2570 fastaleos'et
1503 2494 1876 2566 anguillarum,
1924 2499 2005 2552 sed
2033 2497 2186 2554 altero
2219 2500 2341 2556 loco

459 2568 697 2643 fqffi‘noz
722 2567 955 2640 scripturn
977 2570 1164 2639 legitur.
1243 2576 1322 2623 De
1344 2570 1523 2623 eodem
1545 2589 1724 2638 genere
1754 2570 1970 2639 intellige
2002 2574 2139 2644 quod
2170 2580 2231 2628 V.
2255 2596 2273 2626 1
2295 2585 2337 2628 τ’.

474 2646 607 2698 addit
627 2664 688 2698 ex
707 2662 891 2712 genere
914 2648 1212 2698 cestreorum
1241 2644 1430 2715 aliquos
1457 2663 1560 2697 non
1592 2649 1727 2698 coitu
1757 2644 1837 2710 sed
1868 2664 1929 2697 ex
1958 2645 2079 2700 limo
2110 2660 2160 2699 et
2190 2657 2338 2703 arena

465 2720 615 2772 nasci.
678 2722 756 2771 De
779 2722 1113 2772 Generatione
1134 2723 1210 2770 HI.
1241 2738 1318 2770 11.
1353 2718 1595 2789 quaedam
1625 2722 1774 2772 etiam
1803 2719 2088 2772 animalium
2107 2721 2340 2790 sanguine

471 2793 809 2863 praeditorum
831 2806 892 2846 ex
912 2791 1163 2846 vermibus
1183 2792 1309 2845 nasci
1330 2796 1410 2854 ait,
1450 2806 1505 2844 ut
1526 2811 1682 2860 genus
1703 2791 1902 2862 aliquod
1919 2793 2180 2862 mugilum,
2217 2796 2338 2851 alio-

471 2885 685 2938 rumque
703 2866 1006 2920 fluviatilium
1026 2868 1257 2936 piscium,
1282 2880 1331 2918 et
1349 2865 1684 2933 anguillarum.
1763 2869 1993 2939 Denique
2022 2868 2083 2921 de
2117 2873 2340 2924 Genera-

473 2945 609 2994 tione
628 2945 685 2992 Π.
716 2961 757 2994 ς.
798 2944 848 2992 in
877 2941 1079 3010 piscium
1110 2945 1257 2993 etiam
1287 2940 1461 2993 ordine
1492 2940 1586 2992 effe
1612 2943 1677 2993 ait
1706 2941 1979 3010 quosdam,
2032 2948 2116 3013 qui
2146 2937 2338 2998 nullum

471 3013 639 3065 sexum
659 3013 934 3067 distine‘ium
953 3013 1187 3076 habeant,
1216 3028 1275 3066 ut
1291 3012 1551 3081 anguillam
1570 3028 1619 3066 et
1639 3031 1796 3080 genus
1814 3013 2015 3085 aliquod
2037 3019 2338 3071 cestreorum

471 3090 524 3143 in
541 3090 701 3144 fluviis
717 3087 1012 3146 lacustribus.
1085 3093 1162 3143 Ex
1183 3087 1260 3144 his
1281 3091 1428 3159 igitur
1447 3087 1595 3151 lociS,
1615 3085 1700 3140 ubi
1720 3104 1881 3157 genus
1898 3088 2018 3143 illud
2039 3092 2340 3145 cestreorum

2121 3164 2352 3235 anguillis
