2571 3775
1978 355 2085 407 249

185 496 362 551 ρωποις
391 467 521 530 forte
558 473 705 526 etiam
734 460 972 545 κὸρυθοις
1001 466 1198 535 legerit3
1254 462 1411 520 altero
1439 483 1560 521 vero
1598 466 1647 521 in
1675 464 1796 523 loeo
1829 465 2089 526 Herodoti

187 551 360 603 locum
390 546 680 619 expresserit.
773 543 961 595 Eadem
989 537 1159 596 Plinii
1191 543 1593 610 interpretatione
1625 544 1837 596 confisus
1868 539 2085 616 &sthur-

181 621 311 693 gius
348 617 630 698 θώρακας,
703 613 941 688 Scaliger
984 629 1150 669 autem
1191 609 1431 692 κόρυθας·
1478 614 1847 669 rescribendum
1887 620 2084 673 censuit.

184 700 423 751 Dentium
451 696 664 766 denique
693 692 1000 746 exsertorum
1030 693 1341 743 mentionem
1368 693 1603 744 omittere
1633 686 1778 744 Scotz'
1803 690 2084 747 versionem

185 773 435 825 annotavit
454 765 653 822 Camus.
727 770 862 820 Fecit
884 766 1021 818 idem
1043 758 1279 829 filbertus
1288 782 1313 833 ;
1350 764 1430 818 sed
1452 768 1490 818 is
1518 763 1628 817 labii
1648 765 1740 820 fiffi
1762 762 1962 831 inferius
1987 766 2082 820 esse

183 840 604 915 hippopotamum
630 841 789 902 addit3
833 840 972 912 quod
993 839 1385 893 additamentum
1405 853 1529 909 puto
1552 841 1701 892 etiam
1724 841 1775 891 in
1795 837 1941 894 Scoti
1970 859 2079 894 ver-

181 919 314 972 fione
348 936 410 970 ex
428 916 649 970 Arabico
679 914 800 969 fae’ca
822 917 1033 977 exstare,
1070 912 1153 967 etfi
1169 927 1404 967 annotare
1424 913 1470 966 id
1495 911 1680 975 omisit,
1720 927 1773 966 ut
1793 912 1880 966 alia
1903 913 2078 977 multa,

181 990 380 1048 Carnus.
456 995 600 1045 Forte
621 995 768 1044 etiam
788 984 1026 1044 Albertus
1044 991 1321 1056 marginem
1345 986 1456 1040 labii
1479 984 1721 1040 inferioris
1743 986 1913 1042 leviter
1940 994 2075 1042 exci-

178 1068 285 1120 finn
319 1067 400 1118 seu
416 1064 654 1120 sinuatum
678 1065 738 1118 ab
762 1065 954 1117 exserto
983 1063 1157 1123 dente,
1191 1059 1335 1133 quale
1360 1064 1412 1114 in
1433 1064 1558 1131 apris
1581 1061 1904 1131 conspicitur,
1931 1062 2074 1117 intel-

180 1140 266 1210 ligi
286 1140 456 1194 voluit.
559 1203 564 1206 ,
1322 1180 1325 1181 γ

328 1213 422 1268 Etfi
449 1231 569 1267 vero
602 1213 740 1283 posui
759 1207 1069 1283 Aristotelem
1101 1206 1387 1279 exscr1ps1ffe
1417 1206 1565 1262 verba
1595 1205 1854 1264 Herodoti
1860 1227 1886 1278 ,⁴
1922 1228 2075 1283 quam

177 1289 381 1361 quidem
403 1291 695 1359 opinionem
726 1288 913 1339 summa
935 1283 1206 1338 verborum
1227 1298 1274 1336 et
1293 1285 1499 1336 notitiae
1518 1282 1782 1339 similitudo
1807 1286 2073 1339 confirma-

177 1383 227 1418 re
247 1363 467 1424 videtur3
499 1362 689 1415 obstare
722 1376 888 1423 tamen
919 1363 964 1412 ei
985 1358 1239 1421 videntur,
1274 1375 1400 1430 quae
1429 1356 1610 1411 diversa
1638 1363 1816 1428 partim
1842 1357 2071 1428 leguntur

165 1441 226 1491 in
247 1437 364 1494 loco
387 1435 690 1508 philosophi3
729 1435 816 1488 alia
846 1453 968 1488 vero
999 1432 1144 1504 plane
1169 1451 1271 1486 non
1290 1433 1399 1484 sunt
1425 1434 1475 1484 in
1497 1429 1778 1488 Herodoto,
1887 1439 1954 1487 Ita
1985 1434 2072 1488 hic·

175 1512 386 1565 caudam
414 1514 558 1582 equi,
601 1523 667 1577 et
697 1509 840 1568 bovis
880 1512 1090 1562 maximi
1119 1506 1544 1576 magnitudinem,
1597 1505 1678 1561 ille
1707 1526 1828 1562 vero
1859 1509 2075 1564 caudam.

175 1590 315 1657 porci
343 1600 391 1639 et
409 1585 522 1639 afini
544 1584 935 1653 magnitudinem
951 1586 1162 1651 'affignat
1183 1582 1560 1652 hippopotamo.
1609 1582 1827 1651 Difficile
1848 1584 1917 1638 est
1940 1582 2070 1638 hanc

175 1659 504 1714 diversitatem
536 1679 562 1712 a
581 1658 759 1713 librarii
780 1676 947 1712 errore
967 1662 1017 1711 in
1038 1653 1297 1711 Herodoti
1324 1654 1455 1709 libris
1484 1656 1664 1710 omiffo
1687 1657 1936 1719 derivare3
1982 1658 2067 1711 ad-

175 1735 245 1787 dit
269 1738 405 1787 enim
422 1730 708 1802 Aristoteles
736 1735 1045 1785 mentionem
1074 1729 1182 1793 tali,
1224 1729 1378 1802 qualis
1408 1733 1460 1783 in
1489 1731 1847 1785 ruminantibus
1875 1746 2068 1788 tantum

174 1829 235 1864 ex
256 1827 367 1862 vera
391 1805 673 1879 Aristotelis
700 1807 934 1860 sententia
964 1809 1226 1876 reperitur3
1258 1804 1321 1856 de
1339 1802 1440 1857 talo
1458 1819 1580 1858 vero
1605 1819 1734 1859 tacet
1756 1803 2071 1861 Herodotus.

173 1887 344 1955 Atque
365 1902 427 1937 ex
448 1883 537 1935 hac
561 1881 641 1935 tali
661 1885 916 1934 mentione
931 1918 945 1942 ,
985 1879 1018 1933 fi
1038 1876 1310 1949 profetiam
1333 1896 1359 1930 a
1378 1881 1575 1948 propria
1598 1876 1882 1951 Aristotelis
1904 1880 2069 1935 obser-

177 1962 371 2011 vatione
395 1957 559 2010 dicere
590 1954 781 2018 liceret,
814 1953 957 2025 plane
983 1954 1312 2007 conficeretur
1334 1952 1758 2023 hippopotamum
1789 1955 1850 2007 ad
1881 1959 2066 2010 anima-

177 2033 298 2086 lium
328 2035 683 2085 ruminantium
707 2028 901 2083 claffem
926 2031 1198 2099 pertinere,
1237 2045 1341 2098 quo
1362 2027 1545 2080 ducere
1574 2032 1725 2082 etiam
1753 2027 1913 2083 forma
1947 2041 2067 2084 ven-

174 2107 336 2160 triculi
368 2104 675 2179 quadruplex
705 2122 730 2157 a
761 2101 1119 2157 recentioribus
1151 2115 1341 2171 reperta
1369 2101 1574 2154 videtur.
1690 2110 1878 2156 Verum
1905 2106 2067 2161 statim

175 2180 332 2234 subdit
362 2177 673 2250 AristoteIeS,
727 2178 871 2250 quod·
895 2181 946 2230 in
971 2173 1238 2230 Herodoto
1271 2195 1372 2230 non
1401 2179 1559 2244 magis
1592 2176 1752 2241 adest,
1807 2176 2066 2234 inferiores

172 2271 333 2327 partes
365 2255 457 2308 esse
487 2254 631 2317 tales,
685 2252 851 2324 quales
883 2255 933 2304 in
961 2270 1093 2322 equo
1128 2264 1175 2303 et
1206 2249 1336 2305 afino
1370 2254 1684 2319 reperiantur.
1800 2254 1969 2327 Atque
2000 2258 2066 2308 ita

173 2329 275 2384 fere
304 2329 486 2383 tollitur
527 2328 577 2381 id
606 2327 745 2400 quod
777 2340 889 2380 ante
924 2325 1136 2396 pofitum
1164 2326 1244 2377 est.
1358 2323 1492 2378 Talo
1524 2330 1657 2378 enim
1696 2332 1894 2397 proprie
1926 2327 2062 2383 didio

163 2413 332 2476 ‘equus
362 2411 410 2457 e't
441 2402 595 2456 afinus
618 2416 809 2464 carent,
847 2419 939 2454 nec
960 2400 1111 2453 iidem
1141 2402 1414 2462 ruminant,
1453 2414 1506 2452 ut
1524 2401 1748 2454 animalia
1770 2401 1869 2456 talo
1891 2405 2065 2457 instru-

175 2478 264 2532 c‘la.
339 2484 447 2531 Hac
465 2482 610 2546 igitur
631 2480 682 2528 in
701 2477 889 2528 summa
910 2473 1213 2527 dubitatione
1233 2473 1351 2526 nihil
1374 2473 1505 2526 aliud
1527 2475 1651 2527 mihi
1671 2477 1920 2541 succurrit,
1961 2498 2064 2551 quo

175 2573 279 2608 non
304 2551 564 2606 defendam
587 2551 791 2624 quidem
815 2545 1146 2618 Aristotelem,
1186 2548 1267 2600 sed
1291 2552 1516 2601 notitiam
1535 2552 1585 2602 in
1607 2550 1774 2605 multis
1798 2571 1962 2606 rerum
1991 2572 2066 2607 ar-

148 2662 151 2665 *
173 2632 421 2697 gumentis
455 2625 537 2680 fibi
561 2629 854 2680 contrariam
874 2624 1132 2685 excusem,
1165 2621 1250 2675 nifi
1271 2636 1322 2674 ut
1344 2622 1532 2685 dicam,
1566 2623 1913 2697 philosophum
1938 2620 2065 2682 noti-

173 2707 293 2756 tiam
321 2702 530 2756 alienam
552 2702 771 2754 secutum
801 2699 864 2751 de
893 2698 1254 2768 hippopotamo
1276 2697 1532 2752 tradidisse.
1611 2696 1930 2755 Herodotum
1967 2706 2064 2774 pri-

159 2830 166 2837 ,,
176 2797 319 2831 mum
348 2780 451 2842 ejus
471 2781 671 2830 notitiae
691 2773 825 2838 fuiss'e
848 2771 1101 2827 aridiorem
1124 2773 1312 2825 summa
1336 2771 1606 2827 verborum
1627 2773 1891 2830 fimilitudo
1907 2822 1918 2840 ,
1955 2792 2063 2831 ora-

175 2855 320 2905 tionis
354 2866 402 2904 et
430 2871 595 2904 rerum
626 2853 769 2904 series
798 2848 972 2902 eadem
995 2847 1220 2907 suadent3
1259 2846 1339 2899 sed
1368 2847 1558 2900 videtur
1587 2849 1762 2903 eadem
1792 2851 1970 2904 deinde
2001 2851 2063 2904 ab

176 2925 282 2980 aliis
309 2923 444 2989 fuisse
475 2930 672 2996 repetita
706 2939 754 2977 et
785 2922 985 2994 paulum
1013 2920 1177 2981 audiar,
1211 2921 1401 2992 hacque
1434 2927 1707 2977 recentiore
1738 2926 1847 2978 usus
1876 2924 1969 2978 esse
1992 2929 2066 2978 vi-

178 2997 320 3053 detur
343 2997 642 3070 Aristoteles.
718 2998 831 3051 Tali
862 3001 1174 3069 partiumque
1193 3000 1493 3050 internarum
1524 3002 1713 3051 mentio
1737 2999 1928 3052 videtur
1957 3004 2067 3071 qui..

179 3075 298 3127 dem
317 3073 393 3126 illa
422 3072 730 3145 probabilem
752 3072 911 3125 facere
934 3075 1256 3141 opinionem,
1294 3069 1429 3124 fuiss‘e
1448 3070 1508 3123 ab
1527 3073 1627 3141 ipso
1646 3072 1942 3144 philosopho
1966 3078 2066 3128 ani-

180 3148 277 3204 mal
309 3154 579 3205 accuratius
612 3147 912 3220 inspeetum,
962 3166 1135 3202 verum
1170 3150 1220 3198 in
1247 3144 1377 3203 asino
1413 3146 1588 3211 Indico
1622 3163 1861 3213 cornuto,
1915 3167 2067 3221 quem

1152 3222 1202 3275 Ii
1875 3223 2070 3281 aliunde
