2571 3775
1021 346 1313 370 ·—-—--
1998 343 2100 404 πός’

219 465 457 522 Coracini
477 462 624 536 pisces
649 458 765 515 Nilo
784 456 987 531 quidem
1006 457 1276 529 peculiares
1298 458 1418 513 sunt.
1492 457 1608 514 Ibid.
1634 478 1680 514 c..
1700 479 1721 514 1
1738 482 1780 515 1.
1810 464 2103 535 inter-pisces

219 545 352 594 amni
377 554 427 593 et
445 541 567 590 mari
587 549 882 589 communes
907 531 1181 586 referuntur
1201 532 1396 599 thynni,
1444 532 1730 601 thynnides-‚
1767 535 1919 600 filu-ri,
1958 558 2098 592 cora·-

221 618 318 667 cini
339 627 387 666 et
405 627 602 682 percae3
648 623 817 662 contra
837 611 959 660 inter
988 610 1134 660 maris
1163 606 1430 677 peculiares
1457 627 1667 673 corvuS,
1710 610 1926 664 diversus
1950 616 2120 678 igitur(

218 706 248 741 a
278 688 531 745 coracino,
566 699 718 753 quem
740 678 910 753 Ceffus
932 685 1081 734 etiam
1098 685 1155 732 II.
1173 700 1189 731 1
1205 694 1251 740 8.
1271 685 1506 735 nominat.
1545 686 1599 736 In
1623 682 1849 753 catalogo
1869 684 2095 755 pisciu1n2

217 778 345 834 quos
366 766 429 810 e'x
449 752 641 809 Ovi-dio
655 760 878 809 nominat
894 752 1104 809 Plinius
1114 759 1317 807 XXXII.
1336 774 1376 808 c.
1397 775 1416 806 1
1437 775 1476 808 1.
1513 758 1584 810 est
1596 761 1745 812 etiam
1759 778 1774 811 ι.
1807 755 2095 812 rlmcinmn-
2175 805 2178 809 .

216 849 313 905 que
320 828 534 902 pullum.
575 828 658 882 ubi
678 830 906 883 Editores
922 827 1164 883 lectorem
1179 829 1443 889 destituunt
1462 834 1510 883 in
1533 832 1679 886 vado.
1752 833 1847 890 Sed
1867 830 2022 886 facilis
2047 844 2097 887 et

219 919 348 960 certa
369 903 652 957 emendatio
674 906 753 956 est.
823 903 1119 971 Legendum
1140 907 1275 956 enim
1297 901 1682 983 carminumque
1691 904 1906 977 pullum.

361 974 625 1049 Saperden
656 996 772 1029 cum
795 981 1027 1030 coracino
1048 978 1293 1039 eundem,
1331 976 1554 1048 illudque
1580 998 1768 1032 nomen
1801 983 1910 1047 ejus
1922 983 2094 1044 Ponti·-

216 1070 337 1105 cum
366 1052 458 1104 effe
496 1064 685 1119 praeter
712 1049 937 1104 amiciores
969 1049 1028 1103 ab
1061 1048 1324 1104 Athenaeo
1357 1055 1456 1103 VII.
1484 1069 1534 1120 p.
1556 1064 1672 1115 308.
1693 1052 1928 1107 -laudatos
1953 1055 2096 1106 tradit

215 1130 363 1178 etiam
386 1121 666 1196 Hesychius
675 1143 700 1193 ;
736 1125 819 1178 sed
841 1121 1136 1193 Aristoteles
1154 1128 1276 1178 VIII.
1306 1142 1386 1186 302.
1429 1125 1650 1194 saperdin
1677 1130 1803 1180 inter
1841 1126 2101 1181 fluvia-tiles

214 1213 264 1252 et
287 1199 510 1251 lacustres
536 1203 761 1252 nominat
782 1199 962 1269 pisces,
983 1203 1198 1269 eumque
1218 1200 1470 1267 optimum
1485 1200 1567 1256 esu
1586 1200 1678 1252 effe
1700 1205 1781 1263 ait,
1809 1201 1933 1254 dum
1951 1216 2101 1255 utero·

212 1271 322 1327 fert.
394 1277 586 1325 Dicitur
604 1272 684 1325 hic
705 1270 981 1349 σωπερδὶς,
1020 1276 1103 1344 qui
1134 1270 1242 1324 aliis
1260 1271 1546 1348 σαπέρδης,
1641 1275 1780 1327 Idem
1810 1275 1999 1330 ibidem
2030 1275 2098 1328 de

215 1351 451 1400 coracino-
469 1347 701 1409 traditur,
732 1347 812 1399 sed
835 1351 876 1399 is
901 1361 1067 1416 aperte
1084 1345 1145 1398 ad
1165 1348 1387 1398 marinos
1415 1345 1483 1398 ibi
1516 1348 1673 1416 pisces
1695 1347 1924 1413 refertum
1970 1368 2096 1419 ergo

213 1420 355 1492 plane
375 1422 589 1475 diversus
608 1438 637 1473 a
659 1421 871 1490 saperde.
908 1418 984 1474 Cf.
1006 1419 1313 1474 Bibliotheca
1332 1419 1637 1475 Coisliniana
1651 1442 1697 1492 p.
1719 1443 1844 1490 490.

355 1497 545 1571 Πέρχη
562 1539 578 1558 ,
612 1498 774 1547 Perea.
829 1490 1128 1563 Aristoteles
1146 1498 1206 1546 ΙΙ..
1235 1513 1253 1544 1
1269 1511 1315 1556 3.
1349 1512 1549 1564 peream
1572 1515 1689 1549 cum
1709 1498 1883 1561 turdo,
1901 1498 2094 1566 glani'de

212 1583 264 1623 et
287 1574 489 1640 cyprino
509 1568 762 1622 branchias
787 1572 1014 1640 utrinque
1033 1582 1288 1640 quaternas
1308 1567 1491 1638 duplici
1513 1569 1712 1633 ordine,
1747 1587 1952 1642 excepta
1985 1571 2093 1637 ulti-¹

212 1663 323 1706 ma,
354 1643 535 1696 habere
573 1647 659 1695 ait:
696 1642 835 1714 quod»
860 1662 963 1715 'quo
993 1643 1131 1694 sensu
1161 1642 1347 1695 dicatur
1380 1656 1428 1697 et
1454 1645 1719 1714 quomodo
1738 1649 1786 1698 in
1808 1646 2093 1702 fluviatilem

212 1722 503 1778 conveniat,
535 1716 646 1769 vide
667 1720 718 1768 in
739 1714 932 1770 Artem·
956 1718 1221 1770 Anatomia
1242 1720 1519 1769 Percarum.
1566 1723 1629 1770 ΙΙ..
1652 1738 1965 1790 17‚percam,
2003 1740 2094 1774 co·-

211 1791 375 1854 bium,
405 1793 747 1861 scorpionem,
786 1789 1053 1852 citharum‚
1090 1789 1329 1853 mullum,
1353 1791 1555 1860 sparum·
1574 1807 1623 1845 et
1640 1794 1899 1848 mustelam.
1911 1794 2092 1849 multas

212 1867 274 1919 ad
298 1865 529 1936 pylorum
550 1866 762 1917 intestini
786 1865 1078 1935 appendices
1099 1863 1295 1918 habere.
1385 1870 1486 1919 Has
1514 1868 1808 1936 appendices
1831 1869 2092 1935 fluviatiles

212 1941 395 2010 species
430 1938 611 1992 habere
637 1938 806 1992 docuit
840 1935 1033 1993 Arcadi
1060 1936 1093 1990 I..
1113 1957 1158 1991 c.
1223 1937 1487 1992 Niloticam
1518 1937 1836 2014 Haffllqniss.
1887 1950 1965 1998 VI.
2009 1962 2089 2008 14.

213 2019 337 2068 inter
360 2011 614 2068 fluviatiles
629 2031 831 2082 peream
847 2031 943 2066 ova
978 2015 1210 2067 continua
1232 2016 1281 2065 in
1302 2015 1474 2082 stagnis
1506 2018 1774 2069 fluviorum
1803 2019 1864 2070 ad
1892 2017 2091 2071 arundi-

213 2107 301 2142 nes
327 2104 469 2142 more
492 2104 716 2140 ranarum
742 2086 914 2149 edere,
951 2087 1078 2140 adeo
1101 2100 1152 2139 ut
1169 2088 1435 2156 piscatores
1456 2086 1702 2143 foeturam
1735 2110 1910 2162 percae
1932 2092 2091 2146 latiori

213 2163 301 2216 filo
326 2162 673 2216 cohaerentem
692 2164 741 2212 in
763 2160 871 2213 lacu
887 2159 1165 2228 glomerent
1183 2162 1419 2215 arundine
1438 2176 1488 2216 et
1503 2164 1751 2232 colligant.
1787 2166 1871 2220 ubi
1885 2162 2094 2220 Alberti‘

214 2234 369 2289 verfio
389 2235 465 2288 bis
483 2238 624 2305 ponit
647 2229 828 2287 berica.
881 2239 1003 2287 VIII.
1031 2255 1050 2286 1·
1069 2255 1110 2293 ς.
1143 2235 1371 2291 Saxati'les
1411 2256 1498 2306 per
1529 2243 1756 2307 conjugia
1785 2260 1945 2295 mares
1970 2259 2089 2295 cum

212 2309 447 2373 foeminis
468 2307 618 2363 condi
635 2311 722 2370 ait,
762 2307 1191 2379 quemadmodum
1210 2314 1360 2362 etiam
1387 2309 1686 2376 foetificant,
1731 2314 1880 2368 veluti
1915 2316 2090 2369 turdos

213 2384 423 2437 merulas
456 2398 502 2437 et
533 2400 713 2453 percas.
788 2378 1081 2436 Athenaeus
1108 2401 1171 2435 ex
1194 2381 1320 2437 libro
1347 2381 1641 2456 Arzstotelis
1667 2389 1865 2459 perdito·
1883 2381 2092 2443 amiota-4

214 2463 282 2512 vit
331 2464 430 2512 VII.
461 2477 504 2528 p.
532 2475 653 2521 3¹9·
691 2472 893 2524 peream
922 2455 1148 2524 signatam
1171 2458 1263 2510 effe
1293 2457 1514 2528 pluribus
1549 2460 1691 2515 lineis
1723 2478 1771 2515 et
1795 2469 1927 2518 vittis
1957 2464 2091 2518 obli-

214 2536 353 2605 quis;
409 2551 474 2585 ex
501 2528 777 2602 Speustppo
815 2547 935 2584 vero
964 2549 1164 2602 peream
1193 2533 1416 2586 channae
1438 2549 1487 2587 et
1513 2535 1706 2604 phycidi
1735 2537 1944 2592 fimilem-
1977 2538 2091 2592 effe.

212 2611 385 2661 Percas
410 2608 505 2659 Istri
526 2608 663 2658 fluvii
686 2607 908 2656 nominat
929 2602 1177 2658 Aelianus
1197 2611 1322 2658 XIV.
1348 2617 1583 2669 23.et26.
1633 2609 1908 2683 Oppianus
1920 2618 1956 2665 Ι,
1974 2634 1986 2664 ι
2004 2631 2090 2678 24.

210 2699 381 2752 percas
411 2680 588 2748 degere
624 2682 674 2730 in
704 2681 848 2731 maris
881 2678 1096 2748 scopulis
1119 2680 1352 2734 muscofis-
1389 2687 1529 2735 canit.
1616 2689 1856 2740 Marinam
1888 2706 2087 2759 peream

210 2758 438 2809 nomina-t
467 2751 741 2807 Marcellus
762 2752 945 2805 Sidetes
975 2754 1112 2806 versu
1144 2761 1223 2806 16..
1293 2753 1556 2827 Ausonius
1586 2761 1724 2813 versu
1758 2782 1773 2812 I
1792 2781 1811 2813 1
1829 2783 1873 2816 c.
1907 2766 2013 2814 Nec
2033 2776 2084 2814 te

214 2829 730 2888 delicias-mensarum„
766 2844 940 2895 perca,
974 2825 1146 2890 silebo,
1191 2834 1483 2898 amnigenos
1504 2835 1629 2887 inter
1660 2837 1810 2905 pisces
1838 2836 2083 2905 dign-ande

213 2907 440 2963 marini&
482 2902 610 2955 solus
629 2904 850 2971 puniceis
873 2899 1023 2955 facilis
1052 2904 1349 2956 contendere
1375 2904 1567 2966 mulli83
1606 2927 1719 2961 ram
1739 2930 1898 2982 neque
1918 2912 2088 2978 gustus

212 2981 369 3038 iners3
403 2975 657 3047 solidoque
680 2980 728 3026 in
759 2979 969 3046 corpore
998 2991 1156 3046 partes
1185 2978 1442 3045 segmentis
1476 2996 1688 3043 coeunt.
1721 2985 1799 3036 sed
1829 2985 2085 3037 dissocian-

210 3064 289 3103 tur
310 3053 471 3104 aristis.
550 3046 755 3103 Plinius
774 3053 854 3100 IX.
879 3068 980 3120 cap.
1011 3057 1087 3102 16.
1107 3070 1336 3104 muraena
1359 3067 1407 3105 et
1434 3053 1639 3122 orphus.
1666 3075 1873 3125 conger,
1904 3050 2083 3129 percae

206 3139 260 3178 et
277 3126 494 3182 saxatiics
517 3142 693 3178 omnes
714 3123 1013 3178 conduntur..
1061 3144 1123 3179 ex
1154 3123 1413 3197 Aristotele
1436 3133 1555 3182 VIII.
1585 3149 1602 3181 1
1618 3148 1661 3195 5.
1716 3133 1857 3187 {dem
1875 3139 2080 3199 XXXII.

1975 3227 2081 3279 cap.

2119 1474 2177 1537 G(
2189 1493 2231 1535 P'.
2247 1502 2320 1543 30.

2146 1553 2191 1617 P.
2210 1548 2282 1592 66.

2149 1617 2226 1651 Νο.
2241 1616 2280 1648 1.
