2571 3775
1137 292 1176 315 ,.,.

2020 323 2120 372 123,

234 432 562 489 comitialibus
591 434 693 487 dari
716 429 860 485 tradit
879 427 1013 481 idem
1035 424 1244 482 Plinius
1261 432 1460 482 XXXII.
1482 446 1585 501 cap..
1607 449 1655 496 9.
1701 431 1939 491 Aelianus
1960 440 2109 492 etiam

231 510 409 588 «γαλῆν
441 509 758 569 Qiaerrc‘aev
787 502 1013 557 describit
1039 508 1146 556 XV.
1183 520 1225 555 e.
1254 520 1281 554 '1
1301 523 1341 556 1.
1400 504 1481 557 sed
1514 523 1625 558 eam
1656 506 1717 559 ad
1744 510 1916 564 Gados
1947 510 2115 567 referri

235 583 416 635 debere
439 582 587 634 docui
607 583 657 631 in
687 591 803 631 nota
826 578 887 630 ad
911 576 1084 631 locum
1104 594 1220 630 eum
1243 589 1424 647 p.483.
1501 575 1769 633 Columella
1781 587 1898 634 VIII.
1919 587 2049 654 17.§.
2068 598 2116 645 8.

233 661 443 710 marinas
462 652 712 721 intelligit,
752 670 868 704 cum
898 652 1061 704 avidas
1087 650 1313 704 mustelas
1335 656 1592 714 nominat,
1632 657 1924 728 vivat-iisque
1957 659 2114 712 inclu-

226 730 349 782 dere
376 728 551 789 docet,
589 740 788 797 propter
807 729 1036 796 pretium.
1110 725 1237 779 Vide
1259 723 1378 780 infra
1400 727 1461 778 ad
1480 727 1685 779 Gadum
1710 726 1877 797 lotam.

378 798 643 873 Ausonius
669 801 795 854 Mos
824 800 961 854 versu
992 805 1106 852 106.
1147 804 1390 872 Quaeque
1411 819 1494 871 per
1513 800 1786 868 Illyricum,
1831 822 1920 874 per
1950 805 2114 875 stagna

230 874 496 928 binominis
535 878 661 937 Istri,
713 876 995 945 spumarum
1035 873 1226 927 indiciis
1267 879 1454 944 caperis
1485 875 1684 929 mustela
1724 892 2016 941 natantum,
2063 885 2112 934 in

228 950 452 1001 nostrum
472 948 696 1003 subvecta
722 948 930 1011 fretum,
976 966 1040 1002 ne
1069 947 1159 1000 lata
1183 948 1417 1002 Mosellae
1445 951 1650 1002 flumina
1681 963 1782 1005 tam
1815 952 1996 1006 celebri
2024 954 2112 1009 de-

227 1020 565 1076 fraudarentur
583 1024 802 1077 alumno.
879 1027 1007 1091 Qis
1038 1037 1086 1075 te
1117 1037 1318 1075 naturae
1340 1027 1503 1092 pinxit
1527 1021 1696 1077 color?
1757 1027 1879 1079 Atra
1908 1027 2112 1098 superne

223 1096 405 1166 puncia
426 1112 596 1151 notant
615 1112 836 1166 tergum,
884 1115 1010 1170 quae
1046 1095 1186 1149 lutea
1206 1100 1378 1149 circuit
1402 1101 1500 1152 Iris.
1612 1096 1825 1152 Lubrica
1861 1100 2114 1157 caeruleus

224 1171 449 1240 perducit
480 1187 672 1241 tergora
692 1170 860 1232 fucus;
920 1174 1142 1240 corporis
1175 1170 1236 1222 ad
1263 1171 1490 1223 medium
1517 1168 1678 1224 fartim
1707 1175 2007 1243 pinguescis,
2063 1192 2111 1229 at

223 1243 358 1299 illinc
385 1265 538 1319 usque
559 1246 644 1299 iub
669 1261 942 1299 extremam
971 1243 1154 1318 squalet
1185 1249 1310 1298 cutis
1342 1245 1474 1299 arida
1502 1247 1726 1300 caudam.
1836 1252 1958 1303 Satis
1986 1249 2110 1305 haec

223 1319 561 1375 demonstrant
596 1335 818 1374 naturam
847 1333 896 1372 et
920 1338 1078 1388 genus
1099 1318 1252 1389 piscis.

374 1392 711 1465 ExormistOS.
761 1394 1080 1449 Cassiodorus
1101 1398 1204 1446 XII.
1229 1416 1276 1455 4.
1325 1392 1537 1447 Siculam
1559 1393 1768 1465 appellat
1788 1398 2113 1462 exormiston,

226 1471 346 1521 utin
365 1474 487 1522 mari
507 1468 671 1524 Siculo
697 1472 1028 1540 praecipuam.
1126 1472 1269 1520 Hanc
1290 1486 1405 1520 cum
1428 1471 1687 1538 Lampetra
1711 1472 1808 1534 jam
1831 1470 1958 1525 olim
1982 1469 2108 1534 Scae

223 1539 360 1612 liger
383 1543 444 1595 ad
465 1541 751 1616 Ausonium
774 1546 1094 1614 permutavit,
1133 1555 1187 1594 ut
1207 1542 1546 1596 animadvertit
1563 1539 1848 1613 Salmasius.
1923 1544 2106 1601 Intelli-

223 1621 357 1685 gitur
376 1636 610 1671 muraena
629 1618 818 1672 Helena
841 1621 1053 1672 nomine
1066 1617 1170 1670 isto.

261 1698 266 1702 ’
384 1687 662 1746 Muraena.
707 1687 977 1768 Μύρωιμοιν
989 1694 1261 1765 ποταμίαν
1277 1685 1937 1762 DorionapudAtlzen.VIL
1958 1707 2105 1748 vocat

221 1761 435 1835 speciem
453 1770 720 1828 marinam,
741 1780 793 1819 ut
813 1766 989 1818 deinde
1007 1766 1104 1835 ipse
1115 1761 1298 1817 Artedi
1315 1769 1583 1818 annotavit.
1617 1760 1855 1820 Albertus
1869 1772 2042 1831 XXIV.
2056 1789 2104 1840 p.

223 1855 348 1904 243.
362 1838 408 1892 b.
447 1841 830 1894 Muraenaefimt
846 1840 999 1910 pisces
1011 1842 1145 1902 noti,
1167 1837 1344 1891 fimiles
1367 1838 1670 1909 serpentibus
1681 1843 1731 1892 in
1745 1845 1974 1896 anteriori
1992 1862 2103 1904 cor-

225 1915 363 1983 poris
384 1914 466 1967 sed
481 1933 507 1968 a
520 1915 690 1969 medio
704 1918 930 1984 corporis
945 1932 1102 1985 usque
1122 1912 1183 1966 ad
1204 1914 1356 1965 finem
1375 1912 1551 1967 fimiles
1577 1914 1684 1968 sunt
1703 1915 1951 1984 anguillis,
1973 1931 2022 1970 et
2039 1917 2105 1981 ab

225 1985 312 2040 illo
336 1986 453 2042 loco
469 2007 624 2062 usque
632 1994 685 2042 in
713 1991 867 2042 finem
878 1988 1062 2040 caudae
1074 2002 1238 2041 totum
1250 2006 1430 2057 corpus
1441 2006 1528 2057 per
1539 1987 1684 2042 latera
1699 1990 2102 2059 circumpositum

226 2063 294 2114 est
305 2063 534 2130 pinnulis.
574 2065 824 2117 Osautem
846 2061 1802 2129 habentadsugendumhumiditates.--
1839 2069 1936 2118 Hic
1957 2066 2104 2134 piscis

227 2137 360 2189 estin
382 2142 519 2209 aquis
546 2137 735 2191 Galliae
757 2152 805 2191 et
826 2139 1149 2196 Germaniae3
1193 2136 1276 2187 sed
1306 2139 1357 2187 in
1390 2140 1658 2189 Germania
1703 2138 1926 2191 orientali
1969 2143 2105 2194 inve-

226 2213 426 2263 niuntur
449 2217 538 2264 tria
561 2230 743 2280 genera
765 2228 1126 2263 muraenarum.
1204 2213 1380 2261 Unum
1411 2209 1612 2281 quidem
1644 2209 1784 2264 valde
1812 2231 2018 2282 parvum
2051 2219 2101 2268 in

223 2284 513 2339 Danubium
542 2285 673 2357 quafi
703 2283 875 2338 calami
899 2288 1221 2356 quantitatem
1251 2297 1300 2336 et
1328 2283 1479 2353 palmi
1501 2283 1862 2352 longitudinem
1884 2306 1986 2340 non
2017 2306 2125 2341 ex·-

224 2359 421 2413 cedens.
497 2360 729 2413 Alterum
748 2373 916 2412 autem
936 2360 1091 2425 majus
1118 2355 1203 2410 illo
1225 2361 1470 2411 invenitur
1499 2361 1551 2410 in
1582 2362 1720 2430 aquis
1749 2360 2103 2430 septentriona-

225 2431 379 2497 libus,
417 2434 555 2506 quod
578 2436 646 2488 est
668 2433 985 2501 longitudinis
1006 2431 1142 2503 pedis
1163 2445 1213 2484 et
1231 2431 1421 2484 dimidii
1447 2432 1506 2484 ad
1525 2432 1651 2502 plus,
1687 2447 1737 2486 et
1754 2433 1900 2488 habet
1919 2455 2103 2491 novem

226 2522 387 2576 guttas
408 2512 457 2561 in
483 2527 693 2579 corpore
715 2511 849 2575 juxta
870 2521 1015 2576 caput
1044 2525 1104 2559 ex
1138 2522 1351 2577 utroque
1379 2505 1552 2569 latere,
1612 2521 1660 2560 et
1696 2507 1808 2571 ideo
1839 2509 1899 2562 ab
1928 2511 2103 2570 incolis

223 2598 397 2636 trovem
425 2580 557 2636 oculi
584 2596 804 2637 vocatur.
897 2585 1131 2633 Tertium
1159 2581 1226 2632 est
1252 2598 1490 2648 magnum
1522 2581 1583 2633 ad
1616 2582 1966 2651 spissitudinem
1995 2585 2104 2638 bra-

228 2656 328 2711 chii
359 2657 578 2711 hominis
607 2672 655 2711 et
682 2656 742 2710 ad
773 2654 1138 2722 longitudinem
1172 2652 1322 2707 cubiti
1352 2653 1429 2707 vel
1462 2654 1702 2724 amplius,
1743 2671 1793 2709 et
1819 2677 1923 2711 non
1956 2658 2102 2713 habet

226 2730 417 2785 oculos.
492 2736 587 2784 Hic
617 2732 758 2802 piscis
787 2728 946 2782 dulcis
972 2748 1074 2781 non
1101 2742 1266 2780 autem
1290 2729 1429 2782 sanus
1451 2730 1543 2790 est,
1591 2744 1640 2783 et
1674 2749 1790 2783 cum
1821 2734 2101 2797 comeditur

225 2804 391 2858 calidis
413 2804 661 2875 speciebus
686 2807 752 2857 est
773 2803 1082 2857 condiendus
1102 2816 1152 2856 et
1171 2799 1286 2855 forti
1307 2806 1439 2856 vino.
1516 2806 1612 2868 Hic
1638 2805 1783 2874 piscis
1815 2807 1970 2876 spinas
1996 2827 2100 2872 non

225 2878 403 2942 habet,
442 2880 522 2932 sed
551 2880 886 2947 cartilaginem
911 2875 1027 2930 loco
1051 2877 1213 2947 spinae
1235 2875 1374 2929 dOrfi.
1448 2877 1526 2928 Est
1544 2891 1709 2930 autem
1730 2880 1940 2951 aequalis
1963 2881 2104 2935 valde

225 2956 448 3023 corporis
473 2968 520 3006 et
541 2955 654 3008 ideo
678 2955 765 3006 diu
786 2955 907 3005 vivit
927 2956 975 3004 in
994 2965 1154 3021 partes
1181 2951 1373 3003 divisus.
1450 2950 1542 3002 Sed
1572 2948 1780 3006 Plinius
1809 2957 1958 3006 etiam
1991 2961 2103 3009 mu-‘

223 3046 397 3080 raetiae
420 3047 608 3080 nomen
633 3030 693 3081 de
715 3028 947 3096 lampreta
969 3025 1190 3096 reperisse
1210 3025 1401 3077 videtur
1425 3027 1475 3075 in
1496 3025 1729 3093 scriptore
1751 3026 1932 3098 aliquo,
1955 3042 2104 3100 atque

223 3099 343 3157 binc
372 3100 659 3161 translatum
696 3118 840 3157 verae
869 3117 1132 3156 muraenae
1163 3098 1388 3152 historiae
1417 3099 1706 3163 immiscuit,
1754 3104 1818 3154 ita
1848 3116 1900 3155 ut
1935 3108 2103 3157 omnia

1202 3176 1277 3241 Q
1294 3188 1325 3227 2
1903 3191 2105 3231 contur-
