2571 3775
422 337 521 391 173
1220 331 1512 368 εΞΞΞ-ΞΞ

420 453 728 510 Athenaeum
750 452 848 503 VII.
879 465 983 518 cap.
1008 453 1084 500 16.
1124 451 1349 525 φεραῖος
1377 467 1534 522 aeque
1565 448 1741 503 vitiose
1774 440 1966 518 legitur.
2043 448 2343 522 Aristoteles

422 534 574 583 utitur
605 528 703 580 hoc
731 522 980 578 vocabulo
1006 538 1241 593 tanquam
1272 523 1544 590 adjeclivm
1582 524 1726 596 quod
1750 524 2154 579 translitoranum
2191 526 2344 594 figni-

423 606 571 665 ficat,
605 603 915 671 opponitque
939 597 1148 667 cephalo
1178 596 1353 650 litorali
1387 593 1713 677 (προςγεὶω).
1793 600 1997 651 Videtur
2027 603 2175 668 igitur
2199 601 2338 655 idem

428 677 522 732 effe
548 680 711 746 capito
734 674 814 725 hic
832 671 1201 724 translitoranus
1227 690 1345 723 cum
1367 689 1447 733 eo,
1470 690 1622 743 quem
1645 672 1759 724 alibi
1782 674 2044 726 mucosum
2066 683 2081 735 (
2091 670 2340 748 μύὲωνοι)

395 762 401 763 ’
432 753 569 806 dixit.
646 744 853 803 Plinius
877 750 1075 796 XXXII.
1107 762 1265 812 caps7
1300 745 1555 809 Auribus,
1605 750 1789 818 inquit,
1831 746 2138 801 utiliffimum
2174 748 2238 802 fel
2269 780 2339 791 -—

433 832 553 882 item
574 821 776 881 bacchi,
817 837 969 891 quem
992 818 1193 890 quidam
1226 837 1443 886 myxona
1468 834 1662 873 vocant.
1739 821 1876 873 Idem
1897 826 2101 877 XXXV.
2132 843 2236 894 cap.
2263 842 2341 878 ια.

433 903 650 972 patinam
675 897 907 961 myxonis
937 894 1077 962 piscis
1107 908 1488 947 commemorat.
1565 900 1638 946 Ex
1658 899 1822 964 priore
1845 894 1961 948 loco
1981 901 2136 950 oritur
2160 917 2339 967 magna

437 972 679 1026 dubitatio
713 969 774 1021 de
809 967 1162 1035 significatione
1204 967 1434 1020 vocabuli
1471 962 1711 1030 bacchus,
1768 969 1906 1040 quod
1944 976 2244 1025 recentiores
2278 974 2341 1026 ad

437 1046 700 1102 Gadorum
726 1061 883 1112 genus
908 1044 1153 1111 pertiuere
1174 1056 1359 1110 putant.
1437 1041 1594 1110 Qod
1625 1041 1657 1095 fi
1679 1062 1855 1096 verum
1882 1045 1980 1106 est,
2010 1059 2117 1096 tum
2140 1046 2200 1097 acl
2222 1065 2340 1099 eum

438 1136 728 1189 cognomen
751 1112 980 1183 myxonis
1014 1135 1039 1167 a
1060 1133 1242 1183 genere
1265 1115 1513 1185 mugilum
1534 1116 1819 1170 translatum
1840 1117 1943 1170 effe
1968 1119 2169 1172 credere
2190 1139 2342 1190 opor-

438 1211 522 1250 tet.
587 1199 835 1247 Praeterea
866 1186 1070 1242 Dorion
1100 1190 1229 1259 apud
1249 1187 1554 1244 Ailzenaemn
1577 1196 1697 1244 VIII.
1726 1211 1770 1243 2.
1794 1193 2018 1244 oniscum
2039 1194 2121 1245 seu
2142 1194 2341 1247 asellum

441 1275 590 1325 etiam
611 1262 852 1342 μάέαψομ
879 1268 1293 1331 cognominatum
1316 1263 1450 1316 fuiffe
1472 1268 1561 1324 ait3
1603 1264 1683 1317 ubi
1704 1261 1922 1339 μύξαι-γει
1952 1265 2218 1335 legendum
2246 1269 2343 1321 effe

443 1346 593 1399 docet
623 1341 763 1394 locus
792 1335 972 1393 Plinii,
1089 1342 1168 1391 De
1208 1339 1306 1393 hoc
1340 1341 1466 1409 pisce
1500 1339 1716 1407 intellige
1750 1358 1875 1411 quae
1908 1335 2146 1395 Αίῶεςῑΐιιε
2167 1347 2343 1395 XXIV.

444 1440 492 1491 p.
518 1415 703 1480 242.b.
737 1412 897 1466 habet.
991 1412 1216 1480 Chylon‚
1256 1418 1442 1484 inquit,
1482 1413 1664 1465 animal
1695 1414 1866 1466 dicunt
1887 1419 2163 1477 marinum,
2203 1418 2342 1487 quod

446 1511 552 1547 non
573 1488 817 1549 comedit,
852 1485 934 1539 sed
955 1486 1014 1537 ad
1033 1487 1245 1540 modum
1266 1489 1480 1555 sugentis
1500 1488 1708 1557 pascitur
1736 1488 2029 1542 humiditate
2053 1491 2252 1543 viscosa:
2294 1505 2345 1544 et

447 1567 564 1622 ideo
595 1562 713 1616 nihil
738 1566 788 1613 in
810 1574 978 1614 ventre
1000 1564 1100 1627 ejus
1121 1565 1383 1615 invenitur.
1459 1562 1646 1615 Eadem
1670 1562 1814 1615 tradit
1839 1562 2058 1617 Gallicus
2091 1564 2154 1617 cle
2174 1580 2357 1618 natura·

449 1659 618 1695 rerum
642 1639 843 1707 scriptor
875 1635 1003 1704 apud
1031 1633 1095 1690 V
1089 1633 1356 1689 incentium
1379 1640 1525 1688 XVII.
1555 1655 1657 1706 cap.
1678 1656 1772 1698 105
1822 1636 2022 1700 Chilon,
2057 1642 2238 1710 inquit,
2273 1643 2349 1692 in-

451 1729 525 1768 ter
545 1715 774 1767 omnium
806 1707 1090 1762 animalium
1112 1728 1289 1779 genera
1321 1730 1424 1764 non
1452 1711 1687 1780 pascitur,
1725 1711 1808 1763 sed
1836 1726 2025 1764 tantum
2055 1712 2347 1766 humiditate

452 1788 657 1848 viscosa,
692 1802 817 1856 quae
837 1787 936 1836 exit
957 1782 1016 1835 ab
1038 1803 1128 1846 eo,
1163 1783 1351 1837 cibatur
1382 1799 1430 1836 et
1458 1788 1679 1837 nutritur.
1717 1784 1848 1836 unde
1878 1786 1933 1837 fit
1965 1800 2018 1838 ut
2044 1785 2142 1840 hoc
2166 1787 2346 1840 animal

453 1864 642 1933 semper
671 1859 722 1913 fit
747 1862 969 1925 jejunum
999 1872 1047 1911 et
1075 1862 1124 1911 in
1143 1877 1352 1928 corpore
1375 1857 1606 1911 validum.
1684 1863 1843 1911 Etiam
1865 1859 1977 1912 hinc
1998 1876 2193 1931 apparet
2212 1876 2347 1916 vete-

454 1955 531 1990 res
553 1930 834 2003 Aristotelis
866 1935 1151 2003 interpretes
1187 1932 1452 1986 chelonem
1482 1950 1508 1985 a
1533 1951 1750 2003 myxone
1780 1952 1883 1986 non
1917 1933 2191 1988 distinxiffe.
2217 1929 2219 1931 ¹
2267 1941 2347 2003 De

461 2008 512 2065 T
507 2004 796 2079 lzeophr‘ali‘i
825 2007 1086 2079 peaechqu
1116 2006 1217 2059 dixi
1248 2010 1298 2058 in
1331 2005 1571 2060 AudlarIO
1600 2007 1853 2060 Emendat.
1893 2008 1954 2059 ad
1984 2006 2243 2063 Aelianum
2274 2015 2346 2066 in-

453 2085 583 2139 serto
615 2084 999 2139 Commentariis
1028 2082 1091 2137 ad
1119 2081 1420 2135 Fridericum
1443 2087 1497 2134 Π.
1528 2081 1590 2135 de
1620 2096 1720 2136 arte
1750 2082 1960 2137 venandi
1998 2102 2106 2154 pag.
2134 2091 2250 2151 165.

2071 3197 2354 3256 ANATO.
