2571 3775
984 356 1276 383 ····-···“-·
1380 405 1387 412 .
1990 323 2124 413 25'7‘

223 545 225 547 ,
355 482 468 535 Post
487 475 785 552 Oppianum
815 474 970 545 spatio
1002 472 1112 525 satis
1137 469 1293 540 longo
1327 473 1628 543 interceptus
1658 486 1943 545 temporum
1973 474 2101 531 Am-

207 553 409 610 mianus
423 550 757 609 Marcellinus
768 548 898 602 solus
921 550 1154 608 occurrit,
1175 549 1258 618 qui
1271 545 1622 616 hippopotami
1637 552 1869 602 meminit
1890 554 1940 602 in
1960 569 2099 620 prae-

212 630 344 684 claro
356 631 663 683 historiarum
675 641 992 677 romanarum
1005 639 1173 692 opere,
1191 621 1330 691 quod
1343 620 1402 672 ad
1416 624 1725 690 imperatoris
1737 621 1949 676 Valentis
1973 627 2097 678 inte-

210 709 359 758 ritum
381 720 534 774 usque
554 700 772 753 deduxit.
805 702 849 751 Is
870 701 1015 766 igitur
1036 700 1085 749 in
1109 693 1236 748 libro
1257 693 1493 763 vigefimo
1517 695 1752 757 secundo,
1783 694 1865 749 ubi
1878 698 2099 768 Aegypti,

203 773 821 846 iniracula-fingularesque
843 768 1325 825 animaliumformas
1347 783 1553 831 enarrat,
1575 769 1923 841 hippopotami
1944 775 2094 825 etiam

205 868 426 905 naturam
446 850 640 904 tradidit
660 853 817 920 capite
845 867 924 907 15.
981 850 1149 899 Totus
1180 844 1362 913 dignus
1391 845 1459 897 est
1481 844 1649 905 locus,
1687 848 1773 916 qui
1806 843 2090 916 apponatur.

200 929 562 998 Hippopotami
585 941 812 997 quoque,
848 924 1037 994 inquit,
1075 933 1371 988 generantur
1396 922 1444 970 in
1464 917 1551 972 illis
1572 918 1812 989 partibus,
1849 919 1968 974 ultra
1989 924 2090 976 ani-

202 1000 346 1054 malia
369 998 544 1054 cunc‘la
568 1003 758 1051 ratione
778 1000 985 1049 carentia
1007 994 1316 1062 sagacissimi,
1352 992 1412 1044 ad
1439 993 1652 1061 speciem
1672 994 1915 1065 equorum
1930 1032 1944 1056 ‚
1981 994 2090 1049 bifi-

203 1075 287 1128 das
310 1075 544 1129 habentes
575 1071 782 1141 ungulas
816 1070 1094 1140 caudasque
1125 1066 1325 1126 breves3
1384 1083 1602 1137 quorum
1631 1066 1852 1119 solertiae
1880 1068 1983 1122 duo
2016 1072 2103 1121 i‘n-'

199 1153 345 1202 terim
367 1148 622 1210 ostendere
643 1147 942 1200 documenta
961 1143 1178 1195 sufficiet.
1267 1145 1397 1192 Inter
1416 1140 1680 1193 arundines
1701 1139 1848 1194 celsas
1878 1155 1928 1194 et
1951 1142 2088 1213 squa-

198 1222 353 1276 lentes
393 1226 542 1276 nimia
573 1220 803 1276 densitate
832 1217 955 1270 haec
992 1215 1152 1269 bellua
1187 1212 1429 1267 cubilibus
1461 1213 1626 1284 pofitis
1654 1218 1813 1269 otium
1852 1216 2090 1285 pervigile

198 1298 359 1351 studio
390 1293 786 1366 circumspeeiass
837 1292 1093 1364 laxataque
1130 1294 1272 1361 copia
1309 1289 1658 1359 (arundinum)
1689 1290 1752 1342 ad
1789 1290 1973 1358 segetes
2003 1292 2088 1344 de-

197 1372 460 1442 pascendas
494 1370 753 1438 egreditur.
851 1364 1086 1437 Cumque
1112 1366 1212 1430 jam
1242 1367 1460 1433 eoeperit
1488 1363 1647 1416 redire
1678 1363 1879 1418 distenta
1917 1364 2086 1430 averfis

199 1449 411 1514 vestigiis
435 1446 684 1512 distinguit
707 1443 928 1496 tramites
950 1439 1163 1501 inultm,
1204 1456 1267 1491 ne
1287 1442 1433 1491 unius
1454 1436 1584 1508 plani
1603 1441 1786 1493 itineris
1807 1437 1955 1494 lineas
1978 1439 2094 1507 infis

202 1520 418 1573 diatores
439 1520 586 1572 secuti
607 1532 866 1588 repertum*
879 1514 976 1571 fine
1003 1512 1288 1567 difficultate
1317 1509 1617 1566 confodiant.
1639 1541 1708 1554 —·
1801 1516 1903 1567 Has
1936 1518 2085 1569 mon-

203 1596 418 1648 struostasv
438 1592 643 1646 antehac
673 1595 888 1645 raritates
921 1594 972 1641 in
1002 1588 1177 1642 belluis
1214 1591 1263 1640 in
1296 1584 1538 1640 aedilitate
1568 1589 1735 1639 Scauri
1762 1587 1881 1640 vidit
1920 1605 2084 1642 roma4

202 1688 294 1722 nus
318 1668 532 1739 populus
553 1670 783 1736 primitus
803 1695 868 1706 --
899 1678 947 1718 et
965 1682 1053 1734 per
1083 1676 1264 1716 aetates
1288 1661 1467 1714 exinde
1487 1660 1650 1732 plures
1671 1661 1811 1731 saepe
1830 1660 1929 1715 huc
1949 1663 2085 1720 ducii

201 1763 333 1796 nunc
365 1744 568 1797 inveniri
602 1741 847 1812 nusquam
872 1735 1093 1808 poffunt,
1142 1751 1196 1789 ut
1225 1733 1556 1801 conjefiantes
1587 1739 1852 1804 regionum
1893 1737 2088 1807 incolae

201 1819 397 1880 dieunt,
446 1813 718 1870 insediamis
749 1812 1071 1867 multitudinis
1100 1810 1265 1863 taedio
1297 1809 1359 1861 ad
1387 1809 1663 1877 Blemmyas
1691 1810 1916 1878 migrasse
1943 1831 2085 1866 com-

202 1891 334 1963 pnlfi.
411 1897 464 1943 ln
493 1891 600 1951 his,
652 1887 735 1941 etfi
777 1888 870 1957 ipsa
909 1884 1098 1938 belluae
1133 1887 1304 1937 notitia
1341 1882 1502 1936 brevis
1539 1883 1690 1936 et'ex
1726 1885 2085 1956 antiquioribus

204 1965 484 2019 audioribus
520 1962 745 2018 translata
771 1963 865 2022 est,
936 1959 1061 2012 duae
1097 1972 1264 2010 tamen
1291 1976 1368 2011 res
1398 1961 1718 2011 annotatione
1751 1959 1929 2027 dignae
1958 1961 2084 2015 mihi

207 2042 447 2096 videntur.
492 2051 496 2054 ’
554 2042 775 2091 Primum
819 2033 1021 2107 quidem
1071 2032 1210 2105 quod
1266 2033 1377 2102 post
1416 2030 1713 2085 aedilitatem
1765 2036 1932 2086 Scauri
1978 2034 2087 2105 hip.

204 2131 538 2188 popotamum
579 2112 767 2181 saepius
811 2108 1006 2180 populo
1044 2125 1256 2160 romano
1300 2110 1352 2158 in
1400 2109 1551 2161 Circo
1595 2105 1913 2176 spediandum
1950 2106 2086 2164 fuisse

203 2189 480 2244 exhibitum
502 2191 590 2248 ait,
624 2186 737 2239 licet
771 2184 823 2236 id
856 2183 1151 2237 confirmare
1180 2179 1343 2234 multis
1371 2194 1595 2234 veterum
1631 2180 1978 2236 historicorum
2014 2199 2087 2238 te-

199 2267 451 2319 stimoniis,
486 2257 488 2260 ¹
534 2265 968 2330 Hippopotamum
1005 2269 1055 2309 et
1086 2254 1454 2309 rhinocerotem
1481 2257 1701 2324 primum
1731 2258 1923 2310 Romae
1958 2261 2088 2314 visos

202 2338 443 2407 Augusto
466 2336 542 2388 de'
556 2334 815 2403 Cleopatra
837 2329 1175 2399 triumphante
1196 2328 1360 2382 scribit
1381 2324 1493 2382 Dio
1507 2326 1768 2400 CaffinsT.
1780 2335 1811 2382 1.
1839 2349 1945 2401 pag.
1960 2339 2024 2389 (ὃς
2039 2352 2084 2398 5.

204 2417 389 2468 Verum
414 2429 469 2464 ea
501 2415 553 2462 in
590 2428 641 2462 re
666 2410 907 2472 majorem
935 2401 1113 2459 Plinio
1146 2403 1297 2458 fidem
1324 2401 1514 2465 habeo,
1560 2406 1644 2474 qui
1666 2403 2085 2476 hippopotamum

202 2491 301 2555 jam
322 2501 461 2539 antea
487 2489 538 2537 in
569 2482 808 2537 aedilitate
841 2483 1007 2532 Scauri
1036 2483 1226 2531 Romae
1255 2475 1522 2548 speciatum
1549 2476 1711 2541 fuiffe,
1768 2479 2088 2550 adstipulante

183 2625 186 2628 ⁴
205 2559 478 2617 Ammiano
499 2553 802 2613 Marcellino
813 2572 836 2622 ;
874 2552 1246 2606 rhinocerotem
1264 2570 1384 2604 vero
1402 2554 1697 2605 unicornem
1717 2557 1767 2606 in
1789 2554 1914 2607 ludis
1935 2560 2085 2611 Pom..

203 2639 300 2709 peji
326 2633 515 2705 populo
537 2631 811 2687 exhibitum
833 2627 966 2680 luiffe
986 2627 1129 2679 tradit
1153 2625 1278 2679 libro
1299 2630 1412 2678 V111.
1436 2643 1537 2696 cap.
1562 2642 1643 2678 20.
1737 2630 2086 2686 Commodum

187 2705 425 2784 'quinque
454 2709 838 2779 hippopotamos
872 2699 1158 2755 interfeciffe
1195 2700 1339 2753 tradit
1371 2700 1504 2752 idem
1537 2696 1647 2753 Dio
1681 2698 1821 2755 T.11'.
1853 2721 1900 2772 p,
1929 2724 2084 2760 1211.

206 2786 535 2838 ed‚Rei1nari.
608 2779 802 2835 Deinde
826 2776 911 2830 sub
942 2778 1208 2830 Antonino
1239 2778 1328 2827 Pio
1361 2789 1409 2826 et
1433 2774 1695 2829 Gordiano
1729 2776 2010 2833 crocodilos
2038 2793 2088 2834 et

206 2859 591 2930 hippopotamos
612 2853 848 2927 spestatos
861 2856 1049 2906 Romae
1071 2848 1205 2904 fuiffe
1224 2846 1367 2902 refert
1392 2848 1417 2902 l
1424 2845 1558 2901 mlius
1570 2846 1905 2920 Capitolinus.
1924 2844 1929 2847 ’
1945 2858 2088 2907 Prae-

204 2936 336 2988 terea
356 2931 737 2999 Heliogabalum
761 2928 1145 2998 hippopotamos
1167 2923 1379 2977 habuisse
1401 2937 1557 2976 narrat
1580 2921 1932 2996 Lampridius,
1985 2932 2090 2981 De..

208 3013 355 3080 nique
394 3002 731 3077 Calpurnius,
785 3016 929 3074 poeta
969 3020 1033 3053 ex
1070 3016 1206 3065 aevo¹
1241 3001 1547 3068 imperatoris
1583 3000 1725 3063 Cari,
1776 2998 1958 3070 Ecloga
1991 3007 2090 3069 VII.

208 3083 343 3137 versu
365 3087 449 3134 66.
472 3079 738 3154 spessatum
767 3082 958 3132 Romae
978 3078 1107 3129 canit
1126 3073 1564 3202 hippopotamum:

1225 3151 1268 3202 K
1886 3148 2094 3206 Spectavi,
