2571 3775
1099 327 1391 348 .....-...
2114 331 2187 388 43.

298 455 587 506 Muraenam
618 443 753 497 suam
799 456 1031 511 rapacem
1071 437 1275 508 intelligi
1311 439 1512 511 putabat
1569 440 1632 497 L.
1667 442 1757 499 Th.
1790 446 2087 506 Gronovius
2118 453 2180 508 ad

302 520 473 582 Plinii
488 526 568 572 IX.
593 530 678 583 98·

302 647 304 649 ,
433 589 672 667 Μύρα-ινα
695 603 741 642 et
763 589 930 640 Attice
944 585 1085 651 ¹litera
1107 586 1376 656 praeposita
1395 584 1696 666 Σμύρωιμα,
1743 595 2002 659 Myraena,
2041 601 2179 667 Smy-

300 684 466 726 raena3
496 668 701 716 *Latinis
734 667 983 714 Muraena.
1071 665 1149 713 Sic
1185 675 1233 713 et
1260 664 1435 737 Μῦρος
1464 679 1512 716 et
1544 668 1751 739 Σμῦρος·
1784 667 1971 721 dicitur.
2047 675 2178 726 Hinc

297 752 498 808 apparet
520 757 607 790 cur
628 742 918 803 Smyraenae
938 753 1138 789 nomen
1158 753 1275 787 cum.
1302 736 1577 805 Sphyraena
1604 757 1630 791 a
1662 739 1862 793 librariis
1891 740 2035 796 fuerit
2064 763 2176 815 per-

294 826 553 865 mutatum.
630 807 926 882 Aristoteles
955 814 1018 861 H.
1039 811 1103 862 A.
1124 814 1180 861 V.
1208 829 1286 862 10.
1324 829 1558 864 muraena
1585 813 1819 868 omnibus
1841 821 1954 869 anni
1982 832 2176 890 tempo-

293 887 425 940 ribus
465 890 615 957 parit,
673 899 722 938 et
760 884 914 937 multa
951 902 1073 946 ova,
1114 902 1240 955 quae
1270 883 1526 939 celerrime
1564 892 1760 957 capiunt
1796 893 2174 949 incrementum.

293 964 462 1028 Myrus
494 978 520 1012 a
554 976 784 1013 muraena
811 959 1023 1011 diversus
1046 959 1126 1011 est.
1202 962 1438 1011 Muraena
1459 964 1592 1014 enim
1604 966 1842 1030 variegata
1864 980 1912 1016 et
1931 967 2174 1022 infirmior

293 1037 387 1097 est,
439 1053 607 1101 myrus
637 1047 803 1086 autem
834 1031 1032 1095 fortior,
1086 1050 1188 1084 uno
1223 1031 1392 1088 colore
1426 1035 1747 1103 conspicitur,
1786 1055 1939 1108 quem
1970 1039 2173 1098 similem

291 1108 439 1162 habet
462 1109 624 1170 larici3
662 1107 834 1160 dentes
854 1106 932 1158 alii
951 1110 1078 1158 intus
1100 1104 1388 1175 pofitisunt‚
1428 1106 1506 1159 alii
1529 1112 1761 1162 eminent.
1846 1111 2032 1174 'Volunt
2053 1130 2105 1167 ut
2123 1121 2171 1170 in

291 1187 467 1236 ceteris
489 1180 751 1252 generibus
773 1199 967 1249 myrum
998 1198 1206 1242 marem,
1236 1198 1525 1234 muraenam
1544 1179 1778 1237 feminam
1794 1184 1902 1238 effe.
1977 1192 2172 1244 Exeunt

289 1258 433 1328 saepe
451 1272 659 1328 uterque
681 1261 731 1309 in
754 1271 934 1308 terram
950 1253 1118 1326 ibique
1139 1258 1409 1323 capiuntur.
1497 1253 1706 1310 Plinius
1726 1263 1806 1311 IX.
1831 1277 1856 1310 2
1870 1279 1910 1321 3.
1938 1279 2172 1318 muraena

290 1350 596 1403 quocunque
617 1331 782 1383 mense
801 1334 922 1400 parit
936 1359 1001 1369 -—--
1041 1347 1135 1381 ova
1158 1331 1260 1395 ejus
1284 1331 1506 1382 citiffime
1518 1332 1750 1384 crescunt.
1807 1338 1860 1386 In
1880 1333 2008 1390 ficco
2030 1337 2170 1393 litore

289 1405 436 1476 lapsas
457 1405 631 1474 vulgus
654 1409 789 1458 coitu
808 1405 1101 1474 serpentium
1123 1402 1313 1472 impleri
1331 1418 1480 1473 putat.
1555 1405 1841 1460 Aristoteles
1862 1428 2058 1477 myrum
2071 1431 2168 1466 .νο-

290 1495 368 1532 cat
389 1499 592 1543 marem,
630 1483 717 1552 qui
737 1492 949 1547 generat.
1024 1479 1298 1529 Discrimen
1318 1478 1429 1540 effe,
1457 1479 1596 1549 quod
1620 1498 1852 1534 muraena
1875 1488 2002 1537 varia
2024 1500 2071 1538 et
2094 1491 2168 1540 in-

287 1555 432 1608 firma
451 1554 530 1616 fit,
570 1573 734 1621 myrus
773 1551 1002 1606 unicolor
1033 1566 1081 1604 et
1111 1550 1362 1614 robustus,
1420 1552 1695 1625 dentesque
1724 1570 1858 1608 extra
1889 1576 1947 1610 os
1978 1558 2166 1614 habeat.

287 1629 436 1697 Vides
458 1633 604 1698 igitur
624 1624 855 1682 Plinium
876 1631 924 1679 in
945 1624 1077 1679 libris
1097 1624 1376 1696 philosophi
1396 1625 1558 1694 legiffe
1580 1627 1725 1680 verba
1739 1631 1980 1701 quaedam
2000 1648 2053 1686 ut
2071 1654 2166 1689 nos

287 1721 495 1775 quoque
527 1703 705 1764 hodie,
741 1716 794 1753 ut
827 1696 1088 1777 ὁμέχρὸς,
1138 1704 1168 1751 i.
1200 1718 1241 1752 e,
1272 1700 1527 1763 unicolor,
1579 1717 1747 1756 contra
1777 1705 1939 1759 omisit
1969 1706 2045 1760 illa
2074 1707 2166 1787 ιρι)

262 1773 346 1836 7τό
379 1781 579 1855 χρῶμαι
609 1773 777 1849 ὅμοιον
808 1775 928 1851 ἔχει
952 1778 1021 1850 τῇ
1049 1778 1206 1834 πίτυϊ
1251 1777 1279 1827 ἰ.
1300 1792 1342 1827 e.
1380 1790 1428 1829 et
1449 1774 1676 1830 colorem
1696 1776 1826 1831 larici
1856 1795 1936 1833 aut
1968 1786 2087 1852 pino
2108 1784 2164 1839 fi-

285 1851 461 1906 milem
518 1851 676 1904 habet.
739 1850 952 1920 denique
999 1848 1169 1901 dentes
1217 1851 1349 1903 intus
1395 1849 1576 1920 pofitos
1635 1870 1737 1905 non
1785 1872 2165 1912 commemorat.

289 1922 380 2000 ,ᾯῇ
407 1924 608 1985 ἔσωθεν
629 1921 719 2000 mg)
750 1923 955 1991 ἔξωθεν
989 1940 1164 1990 graece
1184 1921 1371 1990 legitur.
1479 1924 1720 1978 Colorem
1750 1926 1905 1982 laricis
1939 1936 2163 1985 nominat

287 2003 436 2052 etiam
455 1997 611 2053 Gaza
636 1996 982 2050 accedentibus
1001 1996 1132 2049 libris
1154 1997 1335 2067 scriptis
1361 1997 1619 2060 omnibus;
1641 2025 1643 2027 ·
1669 2001 1748 2053 sed
1776 1999 1985 2056 Albertz'
2007 2005 2161 2060 versio
2199 2071 2202 2074 Δ

285 2071 454 2125 habet:
502 2068 710 2125 animali
739 2067 879 2142 qnod
915 2067 1109 2123 dicitur
1139 2067 1366 2124 elzeador.
1410 2069 1704 2126 Athenaeus
1736 2079 1880 2127 etiam
1913 2076 1995 2129 ubi
2024 2078 2160 2133 hunc

285 2146 458 2200 locum
475 2145 635 2198 laudat
655 2150 750 2197 VII.
772 2163 873 2214 cap.
895 2165 911 2195 1
930 2156 972 2202 8.
1008 2163 1069 2196 ex
1090 2162 1152 2196 eo
1172 2143 1317 2196 verba
1342 2163 1511 2212 graeca
1536 2146 1668 2198 aliter
1689 2146 1858 2209 refcrt3
1891 2149 2003 2219 legit
2024 2158 2158 2208 enim

283 2219 450 2299 ἴυγγι,
490 2234 543 2271 ut
566 2223 687 2286 myri
709 2217 848 2271 color
871 2216 1030 2270 similis
1053 2217 1107 2269 fit
1136 2222 1208 2269 avi
1238 2217 1505 2289 torquillae.
1590 2225 1733 2288 Quae
1764 2241 1880 2275 cum
1905 2224 1958 2279 fit
1986 2227 2157 2284 colore

284 2301 449 2356 vario,
487 2292 634 2347 lefflo
664 2294 745 2345 ista
775 2309 886 2344 vera
919 2290 1012 2343 esse
1043 2310 1143 2343 non
1165 2294 1336 2361 potest.
1442 2291 1672 2346 Fabulam
1704 2295 1766 2348 de
1799 2301 1934 2350 coitu
1963 2304 2155 2371 viperae

283 2388 405 2421 cum
430 2386 659 2420 muraena
679 2369 778 2433 jam
798 2365 921 2419 olim
941 2363 1163 2417 refutavit
1195 2363 1436 2418 Andreas
1464 2366 1686 2421 medicus
1715 2367 1953 2425 referente
1993 2373 2153 2430 Atlze-

283 2459 406 2497 waeo
429 2448 523 2494 VII.
543 2462 587 2512 p.
621 2461 640 2503 3
661 2459 735 2492 πρ.
813 2440 950 2492 Idem
971 2453 1137 2492 tamen
1164 2436 1399 2492 Andreas
1419 2443 1468 2491 in
1491 2439 1617 2494 libro
1641 2442 1701 2495 de
1724 2442 1883 2498 bestiis
1904 2455 2153 2503 venenatis

285 2534 632 2574 muraenarum
661 2514 881 2567 morsum
909 2525 1205 2565 venenatum
1227 2513 1392 2565 dixiffe
1413 2511 1562 2567 fertur
1594 2534 1790 2580 earum,
1839 2539 1964 2592 quae
1994 2541 2055 2576 ex
2084 2529 2154 2578 vi-

284 2595 412 2661 peris
434 2605 572 2643 natae
593 2589 705 2650 fint3
745 2587 830 2640 has
849 2606 968 2640 vero
994 2586 1087 2640 effe
1106 2591 1342 2649 minore&
1365 2589 1598 2642 rotundas
1620 2605 1667 2643 et
1691 2597 1857 2647 varias.
1941 2593 2155 2652 Dorion

283 2665 413 2735 apud
434 2662 746 2718 Athenaeum
766 2667 860 2714 VII.
879 2681 923 2731 p.
951 2681 972 2723 3
994 2679 1065 2712 ¹2.
1107 2680 1299 2728 myrum
1322 2661 1463 2714 tradit
1483 2663 1636 2732 spinas
1658 2684 1744 2734 per
1766 2685 1963 2722 carnem
1981 2671 2154 2741 sparsas

285 2759 387 2792 non
408 2738 614 2799 habere,
650 2751 698 2790 et
728 2751 889 2789 totum
911 2735 1107 2788 comedi
1128 2735 1287 2805 poffe3
1321 2754 1497 2802 genera
1518 2737 1612 2790 effe
1641 2739 1768 2802 duo,
1809 2741 2016 2797 alterum
2046 2746 2156 2799 sub-

284 2812 554 2875 rufescens,
593 2812 799 2864 alterum
822 2828 941 2863 vero
965 2813 1189 2877 nigrum3
1221 2808 1448 2863 meliores
1472 2811 1565 2864 effe
1587 2816 1891 2880 nigricantes.
1988 2823 2155 2887 Qzam

283 2886 513 2941 colorum
535 2887 858 2939 differentiam
880 2902 939 2936 an
961 2884 1022 2937 de
1043 2884 1197 2954 specie
1212 2884 1390 2936 diversa
1413 2888 1557 2936 etiam
1569 2886 1767 2955 intelligi
1788 2889 1996 2943 voluerit
2013 2897 2156 2961 igno-

283 2980 462 3015 ramus.
551 2958 797 3014 Aelianus
825 2963 948 3010 XIV.
990 2978 1068 3018 ις.
1113 2978 1336 3025 myrum,
1380 2962 1576 3030 inquit‚‚
1605 2965 1850 3014 marinum
1880 2965 2154 3033 serpentem

282 3035 377 3087 effe
407 3038 566 3099 ajunt3
611 3034 725 3087 huic
767 3032 800 3084 fi
830 3031 1036 3086 oculum
1069 3031 1277 3085 alterum
1306 3036 1575 3094 exemeris,
1621 3037 1669 3084 in
1703 3038 1803 3099 ejus
1834 3036 2005 3092 locum
2034 3040 2154 3096 alius

275 3109 583 3164 fiibnascitur.
606 3138 672 3150 —-
747 3111 893 3166 Nunc
912 3105 1095 3179 reliqua
1116 3101 1409 3179 Aristotelis
1432 3105 1541 3162 loca
1562 3106 1623 3160 de
1643 3126 1876 3165 muraena
1889 3114 2154 3169 videamus.

1271 3184 1304 3233 f
1347 3197 1374 3231 2
2051 3193 2081 3241 i.
2112 3210 2154 3256 ς.

2234 608 2314 654 No.
2338 614 2377 659 6.
