2571 3775
1025 323 1323 348 *-
2016 321 2124 367 101‘

240 461 446 515 pagrum
469 439 686 512 appellat.
738 437 952 506 Phagros
982 441 1202 504 Syenitae
1236 442 1284 491 in
1302 441 1536 510 Aegypto
1557 439 1716 495 sacros
1736 442 2000 506 habebant,
2030 461 2118 497 au-
2182 413 2194 421 ’

240 517 377 584 {iore
399 514 603 570 Aeliano
622 520 682 568 X.
716 532 791 577 19.
827 526 877 565 et
896 509 1182 566 Plutarcho
1203 513 1266 566 de
1284 513 1403 567 Ifide
1432 534 1477 585 p.
1507 535 1528 577 3
1545 535 1565 575 ς
1579 534 1625 581 3.
1676 520 1907 570 Rationes
1942 517 2001 570 ab
2023 518 2119 572 illis

239 593 399 646 editae·
425 589 606 641 docent
639 587 883 656 phagrum
909 590 960 639 in
986 586 1157 639 Nilum
1178 606 1240 639 ex
1267 607 1403 642 mare
1432 589 1753 652 adscendisse,
1791 609 1907 642 cum
1937 591 2017 642 ille
2042 597 2124 658 inf

237 666 451 721 crescere
474 664 610 732 aquis
630 659 902 731 incipiebat.
977 658 1186 715 Plinius
1204 667 1403 717 XXXII.
1434 682 1535 734 cap.
1576 683 1653 715 10.
1701 668 1839 734 pagri
1869 664 2117 718 fluviatilis

235 737 574 805 longissimum
594 734 797 787 dentem
830 733 1008 804 capillo
1043 735 1358 805 adalligatum
1389 741 1437 790 in
1469 737 1714 792 medicina
1734 751 2114 791 commemorat.

232 806 488 881 Diphilus
518 813 665 861 etiam
706 809 991 863 fluviatilem
1024 814 1262 864 nominat.
1337 809 1624 882 Aristoteles
1660 816 1711 865 in
1748 808 1874 866 libro
1917 811 2114 883 perdito

232 883 360 954 apud
385 879 689 937 Athenaeum
715 883 982 938 [blitarium
1002 885 1229 956 piscem‚.
1251 904 1398 939 carne
1426 887 1578 949 vesci,
1625 906 1714 940 cor
1745 892 1998 956 trigonum
2026 886 2112 938 ha-

231 958 346 1014 bere
366 972 413 1010 et
431 968 544 1010 vere
563 961 728 1026 vigere
748 959 829 1011 seu
855 961 1111 1012 aestumari
1129 964 1209 1012 ait.
1249 959 1332 1013 ubi
1345 958 1676 1016 Roudeletius
1700 960 2111 1029 aliterlegendum

229 1031 453 1086 censebat
474 1035 538 1085 ita
558 1046 615 1087 ut
631 1032 980 1101 intelligeretur
990 1052 1105 1087 vere
1123 1051 1292 1104 parere
1304 1053 1526 1104 pagrum.
1600 1032 1955 1105 Archestrutus
1977 1040 2115 1088 enim

229 1110 419 1161 oriente
441 1106 662 1160 canicula
681 1111 899 1160 maxime
927 1109 1062 1161 esum
1091 1112 1225 1179 pagri
1249 1109 1582 1162 commendat.
1679 1105 1872 1162 Ouidio
1901 1108 2113 1161 Halieut.

227 1180 365 1233 versu
395 1193 510 1239 108.
545 1180 715 1236 rutilus
747 1186 904 1249 Pagur
935 1182 1084 1235 audit.
1166 1178 1461 1238 Nummius
1491 1198 1638 1253 poeta
1665 1183 1860 1258 λοφίην
1889 1182 2114 1253 appellat,

227 1255 279 1309 id
297 1256 391 1316 est,
428 1267 484 1308 ut
514 1251 784 1326 ‘Gesherus
807 1258 987 1328 Aquat.
1015 1272 1084 1327 lp.
1111 1263 1234 1319 776.
1259 1295 1264 1298 -
1300 1261 1672 1330 interpretatur,
1717 1261 1907 1310 cervice
1940 1256 2031 1310 alta
2062 1271 2111 1311 et

227 1328 432 1383 sublimi.
475 1355 478 1359 ·
505 1330 607 1382 Sed«
628 1326 800 1404 λοφιᾷ),
829 1335 879 1383 in
907 1331 1116 1401 piscibus
1153 1350 1258 1385 non
1278 1331 1442 1385 solum-
1471 1336 1693 1404 corporis
1720 1348 1829 1402 pars
1859 1349 1945 1395 ea,
1982 1349 2114 1404 quae

226 1407 407 1456 cervi-ci
440 1404 729 1472 respondet,
769 1405 850 1456 sed
886 1409 1035 1475 pinna
1082 1409 1231 1458 etiam
1270 1405 1424 1468 dorfi,
1461 1425 1587 1478 quae
1625 1409 1762 1470 setis,
1809 1421 1859 1460 et
1892 1405 2112 1460 crinibus

224 1496 473 1549 equorum
491 1477 652 1531 fimilis
672 1480 768 1540 est,
805 1479 998 1532 dicitur.
1076 1482 1348 1534 Cetaceum
1378 1481 1585 1552 pagrum
1614 1486 1761 1535 mari-s
1791 1481 1944 1533 Indici
1966 1483 2109 1548 gustu

222 1550 510 1608 inferiorem
542 1552 738 1624 reliquis
770 1568 1017 1607 memorat
1040 1551 1366 1608 Xenocrates
1396 1574 1499 1625 cap.
1523 1575 1603 1618 35.
1680 1555 1921 1626 Qiiapud
1941 1551 2107 1607 Aeliu-

222 1642 340 1679 num
374 1631 493 1679 VIII.
532 1639 621 1691 48.
659 1623 870 1707 πάγρος
897 1629 1100 1691 dicitur,
1147 1628 1275 1682 larus
1303 1634 1472 1700 potius
1513 1632 1615 1694 est,
1649 1644 1706 1685 ut
1737 1628 2110 1684 emendandum

141 1756 146 1757 γ
221 1701 409 1754 censuit
427 1703 525 1766 jam
554 1700 678 1754 olim
698 1699 856 1755 Conr.
879 1701 1085 1774 Gesner.
1692 1746 1695 1753 .

370 1780 606 1833 Σκίρωνα.
646 1774 855 1829 Umbra.
896 1773 1189 1847 *Aristoteles
1211 1781 1275 1830 H.
1298 1779 1362 1830 A.
1392 1778 1627 1844 V111.-19.'
1671 1778 1853 1850 lapides
1875 1782 1925 1831 in
1950 1781 2107 1848 capite

222 1852 345 1916 gerit
366 1849 568 1902 sciaena.
627 1847 810 1905 Gazae
831 1850 1016 1904 umbra.
1057 1851 1208 1904 Unde
1230 1856 1422 1922 repetiit
1452 1849 1689 1907 Aelianus
1708 1858 1788 1907 1X.
1814 1872 1861 1915 7.
1892 1867 1941 1905 et
1961 1849 2103 1907 plin.

222 1926 302 1975 IX.
322 1940 423 1993 cap.-
453 1930 525 1975 16.
559 1925 735 1994 ·Apud
757 1926 975 1978 eundem
994 1930 1193 1978 XXXII.
1220 1945 1322 1997 cap.
1358 1949 1372 1978 1
1396 1947 1434 1979 1.
1463 1928 1680 1981 sciadeus
1710 1943 1758 1982 et
1788 1929 1971 1981 sciaena
2005 1944 2100 1979 una

220 2001 551 2051 nominantur.
630 1995 717 2069 Op
759 1995 908 2053 iuuus
926 2004 959 2051 Ι.
994 2017 1108 2061 132.
1146 2004 1196 2052 in
1218 2005 1366 2071 petris
1395 2000 1565 2070 algofis
1594 2016 1644 2054 et
1671 2001 1887 2055 herbidis
1919 2001 2105 2068 degere⁴

219 2072 463 2124 sciaenam
486 2074 625 2124 canit.
770 2070 952 2127 urcello
988 2074 1178 2127 Sidetae
1215 2076 1454 2128 versu-110.
1494 2076 1675 2128 sciades
1707 2077 1937 2128 (licuntur
1962 2074 2106 2128 belli-.

221 2144 334 2200 cosi.
369 2146 547 2221 (θὲροι
589 2145 857 2215 σκιαδεῖς).
927 2144 1097 2202 Ouid.
1134 2148 1343 2202 Halieut.
1370 2167 1486 2201 112.
1519 2149 1706 2204 liventis
1741 2155 1962 2221 corporis
1988 2169 2099 2202 um-

220 2217 356 2275 bram
390 2219 609 2290 appellat.
688 2219 969 2274 Xenocrut.
999 2222 1061 2275 de
1094 2223 1380 2285 Alimento‚
1413 2242 1517 2292 cap.
1547 2229 1579 2275 I.
1618 2244 1735 2277 cum
1768 2224 1870 2278 aliis
1901 2228 2105 2277 marinis

219 2293 448 2363 σκιαδεῖς·
479 2291 713 2365 appellat3
763 2309 909 2368 atque
940 2300 1119 2349 iterum
1158 2316 1260 2367 cap.
1294 2318 1371 2364 14.
1410 2297 1578 2351 nullibi
1612 2299 1845 2360 sciaenas;
1890 2299 2015 2352 adeo
2046 2314 2101 2352 ut

217 2368 294 2422 vel
317 2368 441 2421 'hinc
471 2370 682 2430 constet,
725 2370 941 2423 eundem
974 2372 1156 2442 piscem
1191 2371 1430 2425 sciaenam
1471 2385 1519 2425 et
1549 2372 1731 2427 sciadea
1762 2372 2012 2444 appellari,
2050 2388 2100 2427 et

218 2441 354 2496 reste<
370 2442 603 2514 quidem,
635 2441 677 2496 fi‘
692 2443 769 2495 vel
789 2447 1040 2512 originem
1055 2444 1259 2516 speeies.
1337 2447 1387 2499 A
1412 2443 1533 2505 σχὶςι
1562 2446 1752 2509 umbra,
1787 2450 1842 2501 fit
1871 2454 2093 2512 σκίαινα,

218 2517 397 2571 deinde
422 2520 569 2570 etiam
597 2512 773 2586 σκιοές,
808 2513 959 2587 οὲδος,
998 2523 1026 2572 i.
1052 2538 1094 2573 e.
1142 2518 1384 2584 umbella,
1431 2521 1548 2573 hinc
1580 2520 1835 2592 massar.
1911 2525 2098 2576 Postre-

215 2611 303 2645 mo
318 2590 564 2645 vocabulo
574 2595 724 2644 utitur
735 2596 881 2645 etiam
889 2589 1182 2648 Numenius
1192 2607 1337 2664 poeta
1349 2595 1476 2666 apud
1488 2591 1800 2650 Athenaeum
1813 2601 1912 2650 VII.
1927 2617 1971 2668 p.
1982 2616 2000 2656 3
2013 2615 2038 2649 Ω
2049 2615 2097 2649 0.

215 2664 447 2720 Galenus
477 2666 540 2719 de
558 2665 796 2719 Aliment.
833 2667 1010 2720 Facult.
1041 2673 1124 2721 ΙΙΙ..
1153 2688 1233 2731 30.
1270 2669 1358 2722 suo
1402 2684 1628 2740 tempore
1669 2672 1908 2725 sciaenam
1948 2675 2098 2725 etiam-

213 2740 441 2808 σχινίδοις
468 2741 570 2793 dici
602 2755 803 2803 monet,
861 2743 998 2814 quod
1036 2760 1098 2795 ex
1140 2743 1417 2813 σκαφίδες
1447 2743 1754 2800 conti-adium
1789 2746 1883 2799 effe
1921 2746 2095 2799 docuit

213 2811 366 2869 Cour.
387 2813 592 2884 Gesner.
667 2820 721 2868 In
753 2829 1001 2886 petrarum
1042 2822 1258 2871 cavernis
1295 2832 1376 2870 aut
1395 2817 1481 2870 sub
1510 2818 1895 2873 herbismarinis
1935 2823 2092 2889 capite

213 2903 405 2942 tantum
423 2887 708 2944 abscondito
742 2888 804 2943 ab
842 2890 1170 2946 urinatoribus
1202 2892 1464 2966 quomodo
1499 2897 1748 2964 capiantur
1785 2909 1944 2947 narrat
1974 2892 2089 2965 Op-

200 2960 352 3035 piam.
371 2968 457 3015 IV.¹
477 2969 510 3015 6
526 2984 535 3014 ι
552 2970 599 3016 6.
621 2964 754 3037 seqq.
947 2986 950 2988 ’
2072 2974 2075 2977 ’

2159 1803 2241 1874 Nn.
2272 1804 2320 1873 ι..

339 3088 342 3090 .
372 3045 678 3113 Κορσικῑνος,
739 3040 1028 3093 Coracinus.
1067 3036 1364 3111 Aristoteles
1398 3044 1452 3092 V.
1494 3057 1596 3111 cap.
1636 3059 1714 3091 10.
1772 3044 1823 3093 in
1852 3040 2086 3111 exemplo
2138 3042 2220 3086 No.
2249 3056 2289 3088 2·

207 3116 405 3183 ponitur
426 3113 629 3185 piscium
652 3116 734 3186 qui
755 3112 977 3168 celeriter
994 3118 1361 3174 incrementum
1381 3119 1592 3186 capiunt.
1633 3119 1825 3170 Dicitur
1834 3131 2082 3187 praeterea

216 3222 233 3229 -
590 3206 594 3209 ·
1186 3192 1234 3245 N
1261 3196 1303 3254 '3
1945 3193 2080 3258 juxta
