2571 3775
355 357 460 407 304
1155 344 1450 366 ·······’···

348 472 513 541 spiritu
524 469 630 521 vini
648 463 905 527 maceratis
931 474 978 516 et
1003 462 1226 522 servatis,
1267 473 1323 513 ut
1348 478 1410 513 ex
1432 457 1589 514 oculis
1611 461 1669 513 iis
1690 457 1841 521 disc0‚
1885 473 2012 529 quos
2037 459 2087 512 in
2105 456 2290 514 eodem

350 546 539 617 liquore
568 544 783 596 servatos
803 557 893 609 per
913 556 1071 590 unum
1091 535 1251 589 modo
1269 534 1404 587 diem
1424 532 1596 588 coram
1620 533 1797 588 habeo.
1873 533 2098 587 Maculae
2131 532 2291 588 fuscae

347 638 376 673 a
396 620 619 673 vasorum
639 617 1019 684 sanguineorum
1039 610 1212 663 colore
1230 628 1316 679 per
1343 609 1683 662 membranam
1703 622 1984 677 argenteam
2003 607 2291 678 perlucente

349 693 596 764 pendent,
625 705 684 743 ut
705 705 755 742 et
775 688 958 760 reliqua
980 685 1209 738 colorum
1236 686 1441 736 varietas
1469 688 1518 736 in
1540 683 1661 737 iride
1692 699 1918 752 argentea
1938 685 2140 752 piscium
2160 701 2184 736 a
2205 701 2290 736 va-

350 770 516 822 sorum
538 764 889 828 subjacentium
920 758 1091 813 colore
1122 757 1412 811 deducenda
1442 758 1535 811 effe
1558 758 1750 811 videtur
1773 776 1836 810 ex
1859 761 2096 827 opinione
2118 755 2291 813 Reun-

350 837 511 897 marii
528 844 577 891 in
600 836 921 890 Traclatione
940 834 1002 886 de
1023 835 1247 904 Squamis
1268 830 1519 885 laudanda.
1594 832 1791 884 Scilicet
1815 831 2064 885 musculus
2095 831 2174 884 ille
2199 835 2291 885 cir-

352 915 526 969 cularis
554 905 656 967 fere
681 926 733 964 et
765 908 967 964 vasculis
994 906 1217 978 pluri-mis
1251 904 1433 960 obfitus
1463 910 1588 959 inter
1619 906 1919 960 choroideae
1949 905 2292 962 membranam

351 994 545 1058 nigram
565 1002 614 1040 et
637 999 919 1055 argenteam
951 981 1246 1043 collocatus,
1288 984 1544 1049 regionem
1571 980 1707 1033 bulbi
1737 981 2040 1051 superiorem
2061 995 2289 1051 occupat,

353 1080 401 1117 et
430 1064 677 1134 aliquanto
701 1060 810 1131 plus
835 1076 984 1131 quam
1003 1055 1263 1108 dimidiam
1292 1059 1441 1109 totius
1463 1054 1599 1123 globi
1631 1070 1823 1125 partem
1853 1059 2026 1123 cingit3
2063 1070 2291 1125 argentea

347 1157 473 1192 vero
494 1135 797 1196 membrana,
838 1150 932 1204 qua
955 1130 1109 1184 tecffus
1131 1130 1262 1193 latet,
1301 1147 1357 1183 ea
1383 1131 1587 1203 quidem
1609 1133 1659 1182 in
1683 1132 1886 1198 regione
1905 1128 2128 1200 pallidior
2147 1148 2294 1200 appa-

350 1227 426 1266 ret
449 1227 496 1264 et
518 1209 711 1281 punctis
734 1206 1043 1261 creberrimis
1063 1208 1212 1272 nigris
1237 1218 1402 1258 notata
1427 1205 1487 1258 ad
1520 1204 1651 1257 iridis
1672 1218 1858 1274 partem
1879 1205 2182 1275 superiorem
2203 1222 2291 1257 ex-

347 1291 502 1341 currit
530 1285 695 1358 ibique
725 1280 940 1336 maculas
980 1278 1132 1332 fuscas
1164 1278 1298 1333 oculi
1328 1279 1491 1332 efficit.
1604 1282 1882 1346 Regionem
1912 1277 2074 1341 bulbi,
2136 1297 2289 1351 quam

280 1413 296 1421 κ
348 1359 600 1415 musculus
630 1372 866 1428 occupat,
906 1368 1140 1409 annotare
1166 1353 1327 1407 omisit
1353 1352 1543 1406 illustris
1573 1350 1768 1406 Haller,
1844 1358 1899 1406 In
1930 1359 2132 1425 cyprino
2165 1357 2292 1406 inter

344 1433 554 1491 mustuli
572 1434 722 1486 huius
754 1431 854 1484 fere
886 1429 1129 1482 circularis
1160 1429 1287 1481 fines
1314 1442 1550 1499 utrosque
1578 1428 1785 1497 spatium
1804 1445 2018 1481 vacuum
2043 1445 2293 1498 *occupare

344 1510 558 1563 >alterum
574 1505 737 1560 multo
759 1509 1012 1559 minorem
1035 1503 1118 1556 sed
1142 1500 1301 1556 forma
1335 1515 1387 1555 et
1413 1516 1579 1556 natura
1611 1501 1816 1554 similem
1845 1501 2148 1565 musculum,
2186 1501 2293 1555 fere

348 1584 411 1638 ad
443 1580 853 1654 perpendiculum
879 1579 1205 1640 collocatum,
1253 1581 1506 1630 annotavit
1538 1576 1672 1629 idem
1700 1572 1958 1630 Hallerzw.
2035 1582 2087 1630 In
2122 1576 2292 1629 brama

349 1677 473 1711 vero
497 1672 544 1709 et
563 1655 748 1710 ballero
771 1657 936 1709 minor
952 1653 1077 1706 haec
1095 1651 1242 1705 maffa
1267 1649 1543 1705 musculosa
1573 1649 1756 1704 nullam
1787 1652 2023 1720 segmenti
2046 1650 2291 1704 circularis

349 1730 564 1788 formam
588 1748 702 1800 prae
722 1729 954 1782 brevitate
975 1725 1147 1789 refert,
1180 1726 1261 1779 sed
1282 1740 1394 1779 ante
1427 1731 1583 1780 cornu
1604 1727 1773 1792 magni
1791 1726 2028 1793 segmenti
2049 1725 2291 1778 circularis

350 1809 590 1878 posterius
610 1804 696 1857 fitu
717 1800 1104 1875 perpendiculari
1132 1799 1281 1870 pofita
1300 1799 1464 1852 medi-a
1489 1799 1775 1852 membrana
1800 1798 2039 1853 vasculosa
2067 1819 2183 1853 cum
2206 1798 2294 1852 illo

349 1897 580 1934 connexa
605 1881 690 1932 est.
779 1875 1069 1929 Membrana
1101 1873 1341 1927 vasculossi
1371 1872 1490 1925 ultra
1520 1874 1754 1940 segmenti
1780 1876 1983 1940 majoris
2020 1877 2294 1941 marginem

349 1957 655 2008 exteriorem
681 1954 898 2005 excurrit
934 1950 1258 2020 vasorumque
1284 1946 1432 1999 fibras
1467 1951 1749 2000 innumeras
1778 1948 1938 2001 inserit
1974 1947 2293 2001 membranae

355 2033 519 2097 nigrae
541 2064 556 2091 ,
618 2045 828 2101 quarum
864 2042 963 2095 ope
1003 2024 1162 2094 ipsum
1189 2023 1499 2090 segmentum
1528 2021 1737 2089 firmiter
1763 2020 1930 2090 nigrae
1970 2022 2291 2077 membranae

345 2104 593 2156 adhaeret.
934 2116 935 2119 ’

501 2175 679 2230 Ablata
699 2177 851 2227 retina
876 2173 1037 2226 statim
1054 2170 1219 2226 oculis
1242 2169 1587 2223 admirandum
1606 2170 1655 2223 se
1675 2169 1787 2223 sistit
1805 2170 2031 2224 vasorum
2051 2172 2292 2241 posterio-

352 2271 465 2305 rum
494 2265 602 2304 rete
630 2247 1018 2319 pulcherrimum
1051 2243 1374 2299 <membranae
1398 2248 1577 2297 vitreae
1604 2244 1908 2315 pellucidum
1936 2263 1960 2297 a
1993 2246 2157 2314 spiritu
2186 2249 2290 2298 vini

350 2325 566 2388 saffram,
602 2327 738 2390 cujus
764 2337 953 2375 textura
969 2338 1029 2375 ea
1046 2322 1142 2382 est,
1178 2333 1230 2371 ut
1249 2338 1275 2371 a
1296 2332 1468 2371 c-entro
1488 2318 1865 2388 haemisphaerii
1881 2320 2166 2388 posterioris
2186 2320 2289 2372 vasa

354 2400 607 2452 radiorum
627 2401 768 2452 instar
788 2408 1073 2456 excurrant,
1115 2393 1295 2446 deinde
1327 2398 1446 2445 vero
1472 2396 1523 2445 in
1558 2391 1743 2446 multos
1771 2394 1818 2446 se
1839 2392 2048 2461 angulos
2068 2393 2290 2447 dividant

349 2488 502 2545 atque
522 2475 736 2525 invicem
763 2473 1076 2537 conjungant.
1149 2471 1241 2520 Per
1270 2481 1371 2520 rete
1400 2467 1500 2519 hoc
1518 2479 1573 2519 et
1600 2468 1757 2536 ipsam
1787 2467 2128 2521 membranam
2150 2472 2288 2522 vitrei

352 2548 579 2600 humoris
600 2545 753 2598 veluti
773 2564 862 2615 per
882 2544 1186 2596 transennam
1207 2543 1506 2611 conspicitur
1533 2545 1581 2593 in
1605 2542 1708 2611 ipso
1730 2541 1943 2595 humore
1965 2561 2081 2594 cum
2101 2541 2291 2609 crystal-

355 2621 407 2675 lo
430 2638 650 2674 connexa
673 2637 782 2690 pars
807 2637 890 2680 ea,
926 2635 1075 2689 quam
1094 2621 1143 2668 in
1164 2620 1346 2685 cyprini
1367 2613 1618 2685 speciebus
1645 2619 1934 2685 (Carpione,
1972 2621 2098 2668 tinea
2116 2631 2166 2668 et
2184 2618 2291 2678 Jese

353 2691 625 2763 (Mamer)
649 2692 840 2746 fasciam
864 2706 1139 2752 crenatam‚
1176 2684 1359 2756 (bazlde
1383 2685 1618 2754 dem‘elc‘e)
1639 2694 1688 2741 in
1719 2703 1862 2742 trutta
1886 2708 2029 2752 vero,
2069 2689 2289 2744 salmone

352 2784 407 2822 et
425 2768 512 2822 alia
535 2767 760 2820 fiilmonis
782 2768 940 2836 specie
972 2759 1480 2832 (ombre-clzewlier)
1511 2782 1629 2815 cum
1644 2764 1799 2817 Gado
1827 2763 1926 2817 lota
1948 2763 2290 2834 campanulam

320 2841 688 2914 ³&parabolica-m
721 2859 748 2892 a
779 2843 931 2907 figura
963 2837 1168 2910 appellat
1196 2833 1452 2891 Hallerm&
1544 2838 1752 2890 Fasciam
1779 2856 1806 2890 a
1832 2836 2123 2890 :membrana
2153 2842 2289 2908 nigra

359 2916 656 2970 choi-oideae
678 2929 928 2975 exortam,
961 2929 1106 2984 atque
1133 2916 1335 2964 interius
1368 2914 1548 2964 retinae
1575 2913 1711 2981 parte
1734 2910 1891 2982 aliqua
1915 2911 2163 2965 obteRam
2185 2932 2289 2980 cry·
2337 2900 2349 2910 Δ

360 2990 494 3044 stallo
525 3009 548 3042 a
576 3004 713 3060 parte
742 2990 1011 3058 posteriore
1041 2985 1232 3040 annec‘li
1264 2985 1439 3045 tradit3
1502 2984 1842 3054 campanulam
1875 3000 2039 3039 antem
2076 2992 2293 3041 exterius

360 3063 638 3135 punctatam
655 3100 668 3124 ,
702 3066 901 3115 inte-rius
923 3060 1082 3114 albam
1110 3065 1160 3112 in
1190 3077 1492 3112 mucronem
1522 3059 1765 3121 definere,
1806 3074 1854 3113 et
1881 3061 1972 3114 filis
1994 3059 2290 3132 quibusdam

362 3156 425 3190 ex
453 3155 692 3190 mucrone
722 3140 842 3190 ortis
873 3135 1091 3206 capsulae
1118 3133 1317 3202 crystalli
1347 3137 1398 3187 in
1418 3146 1554 3203 parte
1585 3135 1856 3205 posteriore
1879 3149 2024 3208 atque
2046 3138 2303 3196 exteriore,

2085 3207 2293 3278 alligari,
