2571 3775
1010 352 1343 384 „··———·-
1417 379 1420 382 Α
2065 335 2135 399 69

406 465 693 548 11352-95225,
731 467 986 529 CestreuS,
1014 483 1176 536 poena
1198 463 1421 518 adulterii
1441 460 1631 518 infamis
1650 463 1783 533 apud
1797 462 2136 526 Athenienses,

245 555 451 622 proprie
484 550 666 616 piscem
693 543 833 594 rostri
855 544 1024 603 acuti,
1057 554 1141 594 aut
1161 543 1385 611 corporis
1413 537 1573 592 forma
1600 554 1740 591 acuta
1771 537 2034 606 fignificat,
2083 535 2137 591 ut

244 631 306 681 ,in
326 624 594 694 Sphyraena.
621 616 800 669 doceo.
876 618 1185 669 Genericum
1205 633 1395 669 nomen
1430 613 1525 667 effe
1561 613 1753 666 videtur
1783 612 1911 683 apud
1929 609 2135 681 Arzsto—

247 696 416 756 telem,
448 692 589 764 quod
606 689 783 743 multas
803 709 898 744 nec
921 708 1003 744 eas
1024 692 1131 745 satis
1149 689 1314 743 adhuc
1334 688 1577 743 distincstas
1599 702 1681 741 aut
1702 688 1927 740 definitas
1949 687 2136 755 species

246 766 610 838 complectitur.
684 769 792 818 Nos
816 769 960 835 igitur
982 784 1044 819 ex
1066 764 1261 834 fingulis
1281 764 1404 820 locis
1428 763 1682 817 eliciemus
1703 762 1825 835 quid
1844 762 1907 815 de
1929 760 2030 815 hoc
2051 778 2136 829 ge-

241 861 366 898 nere
388 841 699 896 statuendum
722 839 789 893 fit.
855 836 1163 912 ¹Aristoteles
1183 844 1329 909 igitur
1348 844 1410 893 H.
1421 840 1486 892 A.
1511 844 1569 892 V.
1600 859 1614 890 1
1637 859 1676 891 1.
1712 838 1879 891 hieme
1906 839 2029 907 parit
2056 853 2137 888 ce-

241 918 402 971 ·streus
422 947 488 957 —
517 935 581 969 ex
608 916 911 973 cestreorum
931 916 1115 983 genere
1134 916 1414 985 gravescere
1436 917 1677 985 incipiunt
1695 911 1932 966 Chelones
1952 911 2035 964 seu
2068 908 2136 963 la-

238 989 462 1053 zbeoneS,
502 991 694 1059 sargus,
733 1003 782 1042 et
803 1007 958 1056 myxo
979 995 1061 1063 qui
1081 1005 1313 1052 vocatur,
1352 1004 1401 1042 et
1428 989 1657 1060 cephalus
1682 988 1764 1040 seu
1783 990 1945 1057 capito
1968 985 2136 1038 mense

240 1064 546 1128 Decembri,
584 1080 880 1136 uterumque
894 1079 1084 1132 ..gerunt
1110 1082 1198 1135 per
1219 1068 1412 1132 triginta
1435 1064 1554 1116 dies.
1641 1061 1863 1131 Qidam
1880 1075 2047 1112 tamen
2072 1076 2135 1113 ex

243 1144 559 1195 tcestreorum
581 1157 762 1208 genere
784 1139 935 1209 pisces
951 1158 1052 1193 non
1065 1157 1125 1192 ex
1139 1143 1276 1192 coitu
1287 1139 1367 1192 sed
1380 1157 1442 1191 ex
1456 1154 1599 1191 arena
1613 1151 1660 1190 et
1680 1155 1844 1190 coeno
1863 1135 2151 1188 nascuntur..

242 1216 344 1267 Hic
365 1219 581 1284 primum
605 1214 782 1269 Codex
805 1218 986 1282 Regius
1012 1229 1060 1267 et
1083 1213 1440 1268 Ambrosianus
1471 1208 1572 1290 σάρ
1614 1238 1681 1272 ων
1708 1210 1890 1264 habent
1901 1209 2136 1279 scriptum

243 1307 344 1360 -pro
384 1284 610 1368 σάργος,
661 1307 871 1361 eamque
910 1287 1178 1343 leelionem
1217 1287 1375 1343 Gaza
1412 1235 1650 1360 expreffit.
1736 1281 1945 1341 Alberti
1981 1281 2136 1337 verfio

244 1367 471 1417 nominat
502 1360 692 1436 clryfel,
723 1366 753 1416 i.
783 1381 824 1415 e.
867 1363 1156 1434 cephalum,
1203 1360 1529 1434 chengnroe,
1576 1366 1604 1415 i.
1633 1379 1680 1415 e.
1730 1360 2028 1421 chelonem‚
2089 1370 2140 1410 et

244 1454 461 1500 maxon,
499 1441 528 1490 i.
549 1457 590 1491 e.
628 1455 916 1504 myxonem.
994 1443 1226 1510 Denique
1263 1439 1444 1492 Codex
1463 1437 1720 1491 Med-iceus
1753 1455 1845 1506 pro
1874 1433 2137 1510 κεστρέων

242 1511 394 1566 habet
426 1511 498 1566 bis
534 1507 852 1589 κεστροὲιων,
893 1530 1020 1585 quae
1042 1514 1244 1585 quidem
1266 1510 1427 1566 forma
1450 1518 1739 1581 genericurn
1763 1528 1949 1563 nomen
1975 1509 2133 1574 magis

242 1585 482 1657 praefert,
521 1602 573 1639 ut
594 1591 858 1663 χεστροῖιοι
885 1588 1114 1641 dicuntur
1132 1589 1284 1659 pisces
1306 1606 1484 1642 omnes
1505 1587 1738 1658 deinceps
1758 1586 2000 1639 nominati
2029 1596 2077 1634 et
2105 1597 2134 1633 a

241 1665 443 1732 proprie
474 1660 607 1715 didio
642 1665 831 1714 cestreo
871 1661 1110 1716 differant.
1194 1668 1310 1715 VIII.
1349 1681 1394 1716 2.
1442 1661 1690 1733 Cephalus
1730 1675 1779 1714 et
1808 1661 2019 1713 cestreus
2047 1653 2136 1708 soli

244 1754 393 1789 carne
412 1740 621 1790 omnino
642 1735 905 1797 abstinent3
953 1740 1092 1804 cujus
1123 1741 1190 1791 rei
1210 1752 1561 1805 argumentum
1585 1739 1678 1799 est,
1719 1735 1856 1808 quod
1886 1749 2049 1804 neque
2080 1734 2133 1782 in

244 1825 417 1864 ventre
447 1809 540 1864 tale
562 1810 682 1883 quid
715 1829 935 1882 unquam
962 1810 1199 1867 habentes
1230 1816 1512 1882 capiuntur,
1553 1830 1712 1884 neque
1743 1811 1845 1864 esca
1868 1813 1918 1861 in
1949 1825 2037 1860 eos
2069 1823 2132 1858 ex

245 1903 393 1938 carne
415 1889 623 1949 utimur,
661 1885 744 1938 sed
764 1887 864 1939 offa
883 1890 1033 1956 panis.
1111 1889 1293 1941 Omnis
1317 1902 1486 1940 autem
1516 1890 1726 1941 cestreus
1758 1884 1863 1953 alga
1895 1897 1945 1937 et
1973 1897 2132 1935 arena.

244 1959 520 2030 Cephalus,
561 1978 715 2033 quem
737 1958 892 2031 >aliqui
926 1960 1192 2015 chelonem
1226 1963 1310 2016 seu
1347 1961 1611 2016 labeonem
1651 1960 1915 2032 appellant,
1970 1956 2131 2009 littora

246 2032 534 2106 frequentat,
568 2035 759 2088 aliusrin
781 2034 880 2088 alto
902 2040 1024 2088 mari
1040 2036 1188 2104 degit.
1265 2040 1567 2109 Quicunque
1587 2041 1636 2088 in
1652 2035 1751 2088 alto
1771 2035 1903 2101 degit
1924 2046 2134 2084 mucore

242 2109 452 2163 vescitur
474 2110 590 2169 su03
628 2126 777 2182 quam
800 2107 868 2162 ob
890 2128 999 2162 rem
1029 2111 1220 2181 semper
1255 2113 1446 2177 jejunus
1480 2113 1560 2164 est.
1639 2107 1844 2180 Cephali
1876 2107 2136 2178 pascuntur

243 2182 394 2243 lim03
444 2201 548 2255 quo
567 2184 648 2245 fit,
685 2198 739 2236 ut
758 2201 928 2251 graves
942 2198 998 2238 v>et
1017 2184 1207 2238 mucofi
1233 2184 1334 2238 fint.
1411 2186 1594 2238 Piscem
1609 2183 1692 2255 ipsi
1712 2183 1901 2236 nullum
1922 2183 2135 2235 omnino

243 2257 425 2310 edunt:
472 2272 521 2310 et
546 2262 783 2330 quoniam
805 2259 976 2311 versari
999 2262 1051 2312 in
1083 2258 1207 2313 limo
1232 2259 1415 2321 solent,
1455 2274 1650 2312 enatant
1674 2259 1816 2328 saepe
1835 2271 1889 2309 ut
1912 2257 2135 2325 corporis

222 2331 413 2392 “sordes
433 2330 643 2385 abluant.
720 2337 983 2386 Foeturam
1007 2352 1185 2386 eorum
1207 2333 1336 2386 nulla
1356 2332 1516 2387 bellua
1538 2333 1774 2395 comedit,
1812 2349 1909 2404 qua
1935 2344 2136 2401 propter

242 2405 431 2477 copiofi
450 2408 572 2459 sunt.
647 2406 743 2458 Sed
768 2425 884 2459 cum
902 2407 1206 2462 adoleverint
1227 2422 1344 2461 tunc
1363 2426 1388 2461 a
1409 2413 1610 2462 caeteris
1630 2406 1837 2479 piscibus
1860 2409 2135 2475 corripiun-

244 2496 353 2544 Ῐιιῑ,
398 2485 618 2534 maxime
651 2479 712 2532 ab
742 2481 972 2535 archan0.
1062 2482 1279 2537 Gulosus
1315 2488 1546 2538 omnium
1575 2486 1794 2536 maxime
1824 2482 2032 2534 cestreus
2065 2478 2135 2531 est

245 2570 397 2628 atque
416 2554 715 2617 institiabiHS‚
754 2560 986 2628 quocirca
1013 2572 1184 2611 ventre
1217 2558 1426 2611 distento
1460 2572 1687 2629 apparet,
1746 2571 1794 2610 et
1824 2555 1908 2610 nifi
1937 2558 2134 2623 jejunus

243 2629 323 2693 fit,
344 2630 502 2685 malus
523 2631 604 2684 est.
680 2634 731 2682 In
753 2644 890 2683 metu
913 2645 1057 2700 caput
1082 2632 1350 2696 abscondit,
1370 2632 1499 2705 quali
1524 2651 1704 2703 corpus
1719 2646 1879 2686 totum
1899 2628 2131 2685 occultet.

244 2708 343 2760 Cui
364 2704 481 2760 loco
498 2705 694 2767 claffico
715 2704 921 2774 paulum
940 2706 1262 2762 immorabor.
1367 2712 1510 2776 Qiae
1532 2712 1749 2778 primum
1768 2707 1831 2761 de
1851 2705 2058 2759 labeone
2082 2715 2132 2756 et

244 2798 464 2846 myxone
487 2780 584 2833 dici
604 2779 825 2850 possunt,
870 2785 1076 2850 reperiet
1099 2780 1254 2835 lecior
1270 2779 1388 2834 infra
1411 2786 1460 2834 in
1482 2783 1775 2853 Appendice
1794 2795 2017 2835 accurate
2042 2797 2130 2831 ex-

245 2854 432 2925 plicata.
477 2853 776 2927 Dereliquis
797 2854 879 2907 hic
902 2854 1204 2920 videbimus,
1244 2872 1294 2910 et
1318 2861 1534 2926 primum
1556 2858 1617 2910 de
1637 2855 1865 2910 lediione.
1918 2847 2128 2908 Alherti

243 2928 400 2983 verfio
426 2930 684 3000 cephalum
706 2933 930 2983 nominat
952 2925 1193 3000 kak0l0n5
1231 2931 1411 2984 deinde
1431 2932 1491 2984 de
1517 2934 1729 2986 cestreo:
1774 2947 1822 2984 et
1849 2930 1964 2982 ideo
1996 2925 2126 2979 mul-

241 3017 353 3056 tum
381 3009 527 3057 etiam
556 3005 781 3057 distendit
810 3006 1086 3069 stomacum
1117 3007 1177 3059 ad
1212 3005 1380 3059 cibum
1408 3007 1567 3059 versus
1598 3025 1657 3059 os
1689 3006 1854 3067 suum,
1891 3009 1952 3057 ita
1985 3000 2126 3074 quod

239 3075 367 3131 forte
392 3082 520 3140 ejicit
539 3080 711 3148 ipsum.
787 3078 947 3133 Malus
981 3095 1147 3134 autem
1180 3079 1253 3135 est*
1279 3081 1357 3133 hic
1379 3082 1542 3151 piscis,
1592 3080 1791 3152 quando
1820 3081 1887 3133 est
1915 3080 2123 3146 jejunus.

237 3156 313 3207 Ex
340 3149 557 3209 Alberto
586 3155 883 3210 confirmare
914 3169 1107 3226 poterat
1139 3155 1406 3210 lediio'nem
1432 3154 1644 3213 Aldinae
1673 3155 1926 3218 editionis,
1969 3170 2121 3225 quam

1284 3234 1306 3285 1
1342 3248 1365 3295 3
1945 3228 2122 3303 probat

2189 458 2310 511 1³.52.

2162 520 2266 560 Gi‘ti.
2283 514 2348 557 26.

2189 575 2269 618 No.
2293 584 2328 614 ι.
