2571 3775
1086 306 1378 341 Ε
2115 312 2186 361 27

294 428 462 485 fimiae
493 426 748 496 scriptores
768 420 842 476 ufi
863 420 983 475 sunt.
1088 421 1263 491 Capite
1299 435 1451 491 parvo
1481 431 1529 474 et
1554 424 1835 478 acuminato
1867 424 1962 479 effe
1995 424 2178 496 piscem

296 496 613 559 Plutarchus
643 503 791 551 etiam
812 501 862 549 in
883 495 1080 564 Quaest.
1102 498 1310 550 Conviv.
1331 500 1382 547 II.
1399 493 1618 558 7.resert.
1652 494 1823 550 Plinii
1850 501 2072 554 editones
2094 520 2177 554 ve-

298 591 426 630 teres
457 570 833 643 sesquipedalem
862 568 1235 637 longitudinem.
1257 567 1512 622 echeneidi
1533 569 1677 632 dant,
1718 569 1800 622 sed
1827 572 2174 642 semipedalem

293 648 474 702 exinde
502 646 665 698 retulit
700 642 917 713 Isidorus
950 658 999 695 et
1030 641 1205 697 auctor
1225 642 1290 695 de
1310 656 1478 695 natura
1499 660 1666 697 rerum
1689 644 1819 713 apud
1843 642 1898 699 V
1902 643 2172 702 incentivam

292 725 439 775 XVII.
459 737 561 789 cap.
582 738 668 784 49.
692 733 741 772 et
767 737 846 780 50.
895 715 978 771 ubi
1004 720 1154 770 etiam
1184 715 1347 770 echini
1372 734 1560 770 nomen
1589 718 1648 769 ad
1677 719 1855 787 piscem
1887 719 2171 776 translatum

291 796 362 847 est
387 811 414 846 a
436 792 646 846 barbaris
666 790 995 862 scriptoribus.
1071 786 1363 845 Achandem
1392 795 1666 845 nominavit
1683 796 1876 862 ineptus
1904 792 2077 848 auctor
2107 795 2169 847 de
2197 841 2204 844 .

290 866 580 921 animalibus
610 863 829 939 Q‘Jbratlz
853 865 987 935 apud
1015 861 1076 919 V
1072 862 1340 919 immitium
1362 869 1504 916 XVII.
1526 883 1632 935 cap.
1659 884 1740 931 29.
1785 885 2003 939 eumque
2032 869 2168 922 secu-

290 955 368 994 tus
401 936 556 996 Cuba.
636 944 823 995 Contra
861 936 1105 994 Albertus
1135 943 1307 991 XXIV.
1346 957 1392 1008 p.
1420 957 1539 1002 243.
1559 957 1600 991 a.
1708 940 1985 1008 Eschynum
2017 943 2066 995 id
2099 945 2166 998 est

287 1015 550 1078 echinum,
615 1010 1042 1068 Bartholomaeus
1083 1011 1327 1080 Anglicus
1381 1012 1444 1065 de
1480 1017 1780 1082 Proprietate
1841 1034 2009 1069 rerum
2045 1022 2165 1069 XIII.

285 1107 337 1159 p.
357 1102 474 1154 <84
504 1089 616 1143 edit.
638 1086 857 1142 Francos.
898 1094 1051 1140 1601.
1088 1083 1367 1142 enchirium
1396 1092 1714 1158 nuncupavit.
1789 1093 1942 1143 Vetus
1961 1087 2166 1160 Aristo-

216 1213 219 1215 ,
285 1159 401 1218 telis
421 1163 574 1218 verfio
598 1162 933 1217 Echeinedam
952 1173 1217 1231 nuncupat.

435 1272 520 1326 Ad
556 1291 712 1341 genus
738 1272 838 1326 hoc
869 1272 1075 1342 piscium
1110 1273 1354 1340 pertinere
1384 1283 1508 1340 puto
1535 1287 1661 1343 quae
1688 1268 1986 1342 Aristoteles
2013 1276 2076 1326 H.
2097 1276 2174 1329 A.

283 1351 343 1400 V.
370 1365 450 1409 31.
489 1346 649 1400 habet.
728 1349 949 1408 inmari,
989 1349 1170 1418 inquit,
1209 1345 1345 1417 quod
1373 1363 1400 1397 a
1422 1348 1616 1412 Cyrene
1644 1346 1707 1399 ad
1726 1348 2016 1417 Aegyptum
2043 1366 2162 1418 pan-

286 1421 444 1484 ditur,
493 1422 658 1490 piscIS,
703 1419 960 1490 pediculus
993 1432 1334 1488 nuncupatuS,
1376 1437 1496 1472 cum
1524 1419 1755 1489 delphine
1784 1422 1942 1490 degit,
1989 1427 2072 1494 qui
2104 1425 2161 1476 fit

283 1499 512 1549 omnium
532 1497 871 1566 pinguissimus
892 1499 1036 1564 copia
1059 1491 1249 1564 pabuli,
1298 1510 1447 1565 quam
1468 1492 1687 1563 delphini
1720 1501 1918 1550 venatio
1951 1495 2017 1550 illi
2046 1498 2160 1567 sup-

279 1570 479 1639 peditat.
558 1574 702 1624 Hanc
722 1573 1049 1623 narrationem
1065 1566 1299 1621 transtulit
1320 1564 1569 1622 Aelianus
1588 1572 1668 1621 IX.
1689 1585 1794 1639 cap.
1809 1588 1857 1633 7.
1931 1572 2158 1641 Suspicor

281 1659 564 1709 naucratem
587 1641 808 1698 Limnaei
830 1643 1056 1712 intelligi,
1098 1646 1181 1715 qui
1213 1645 1321 1694 cani
1350 1642 1624 1696 carchariae
1646 1645 1794 1697 etiam
1815 1641 2070 1708 adhaeret,
2109 1660 2159 1700 et

281 1718 397 1773 hinc
428 1718 489 1771 ab
508 1717 758 1773 Arabibus
790 1717 1048 1790 pediculus
1078 1715 1227 1790 squali
1252 1716 1455 1780 dicitur,
1514 1719 1631 1771 teste
1661 1714 1895 1790 Forsko'l
1916 1721 2157 1790 Descript.

279 1792 493 1846 Animal.
531 1811 578 1863 p.
605 1798 732 1847 XIV.
830 1791 1089 1846 Pediculos
1128 1794 1253 1844 inter
1296 1796 1514 1846 marinos
1556 1792 1709 1861 pisces
1746 1797 1970 1847 nominat
2006 1799 2155 1849 etiam

261 1865 561 1921 'Marcellus
592 1867 776 1921 Sidetes
798 1867 936 1920 versu
963 1873 1045 1919 26.
1084 1869 1368 1939 iterumque
1393 1872 1475 1925 86.
1506 1865 1720 1936 pediculi
1741 1867 1958 1922 coerulei
1976 1866 2038 1922 fel
2067 1888 2153 1922 au-

278 1945 409 1994 rium
429 1940 589 1995 dolori
608 1941 725 1995 utile
745 1941 839 1994 esse
861 1945 938 1994 ait.
1010 1945 1076 1993 Ita
1101 1943 1248 1993 etiam
1266 1936 1475 1994 Plinius
1494 1945 1691 1993 XXXII.
1714 1940 1825 1994 sest.
1849 1961 1876 1994 2
1891 1962 1933 2003 ς.
1974 1957 2154 1997 vocant

279 2018 395 2069 etin
416 2019 537 2068 mari
557 2015 839 2084 pediculos,
898 2018 1089 2086 ‘eosque
1114 2019 1254 2068 tritos
1274 2012 1484 2067 instillari
1506 2034 1568 2068 ex
1591 2029 1732 2068 aceto
1753 2015 1948 2069 auribus
1968 2016 2150 2080 iubent.

275 2092 434 2151 Huius
456 2108 643 2142 nomen
661 2107 895 2159 graecum
917 2085 1108 2163 Φθῑὶρ,
1146 2087 1314 2140 Phthir
1328 2125 1343 2150 ,
1378 2092 1428 2141 in
1451 2089 1674 2156 catalogo
1694 2090 1895 2157 piscium
1906 2088 2152 2145 Pliniana

277 2168 474 2215 XXXII.
538 2182 641 2234 cap.
692 2183 708 2216 1
728 2184 766 2216 1.
827 2164 937 2233 post
986 2161 1238 2216 Phorcum
1293 2163 1362 2216 est
1420 2163 1799 2227 restituendum,
1860 2183 1887 2218 a
1941 2164 2151 2220 ‘librariis

271 2252 580 2307 corruptum.
1750 2252 1753 2255 ’

413 2342 694 2424 Ἵππδρος,
732 2349 1006 2416 Hippurus,
1045 2344 1096 2398 id
1120 2345 1205 2408 est,
1240 2344 1392 2397 cauda
1420 2348 1611 2417 equina.
1686 2343 1984 2417 Aristoteles
2003 2352 2066 2402 H.
2088 2351 2154 2403 A·
2178 2360 2274 2403 pise.
2297 2367 2365 2413 28·

273 2422 330 2475 V.
363 2440 439 2474 10.
479 2440 593 2474 vere
619 2424 742 2489 parit
759 2420 1019 2490 hi'ppuruS,
1058 2423 1262 2492 ejusque
1283 2417 1472 2472 foetura
1494 2419 1804 2474 celerrimum
1823 2421 1970 2477 habet
1993 2428 2150 2479 incre·
2174 2417 2276 2460 Gen.
2302 2432 2364 2461 ¹2·

274 2510 529 2558 mentum,
563 2499 626 2547 ita
645 2509 698 2548 ut
727 2494 788 2548 de
819 2499 1022 2548 minima
1044 2498 1093 2546 in
1115 2498 1384 2547 maximam
1411 2493 1568 2548 subito
1595 2512 1845 2564 augeatur,
1880 2496 1962 2551 ubi
1993 2498 2146 2556 verfio
2199 2475 2279 2518 No.
2305 2489 2338 2518 ¹⁸

272 2564 480 2624 Albertz‘
499 2568 664 2622 abiroz
699 2567 858 2623 habet.
906 2566 1063 2623 Gaza
1093 2569 1330 2640 equiferis.
1369 2572 1484 2620 VIII.
1516 2588 1593 2631 ις.
1643 2573 1768 2623 inter
1792 2591 1970 2626 omnes
1992 2576 2144 2644 pisces

273 2649 494 2698 maxime
543 2641 786 2696 manifesta
844 2643 910 2696 est
941 2641 1142 2701 latitatio
1192 2645 1407 2696 coracini
1444 2656 1492 2695 et
1538 2642 1738 2714 hippuri
1776 2664 1863 2716 per
1900 2646 2144 2712 hiemem,

313 2723 463 2788 uippe
487 2722 570 2789 qui
591 2717 678 2771 soli
698 2732 816 2770 tunc
836 2715 1004 2769 nullibi
1029 2732 1122 2769 nec
1147 2715 1227 2770 nifi
1248 2718 1368 2769 stato
1382 2715 1602 2788 quodam
1628 2734 1854 2789 tempore
1875 2725 2145 2792 capiuntur,

273 2739 556 2864 {quistatim
580 2796 727 2845 etiam
747 2791 828 2844 hic
849 2795 1134 2853 nominavit,
1173 2809 1199 2844 a
1223 2789 1383 2860 planta
1410 2788 1602 2860 palustri
1627 2793 1855 2848 translato
1881 2796 2148 2861 vocabulO,

273 2885 424 2938 quam
446 2872 624 2921 Graeci
644 2867 878 2935 hippurin
900 2880 1199 2935 nuncupant.
1262 2869 1461 2918 Locum
1490 2865 1770 2936 philosophi
1794 2888 1907 2921 cum
1936 2875 2142 2926 nomine

268 2958 448 3009 graeco
467 2945 658 3010 repetiit
679 2937 888 2995 Plinius
907 2944 987 2992 IX.
1004 2958 1046 2990 c.
1080 2946 1156 2991 16.
1231 2935 1507 3010 Oppianus
1529 2944 1562 2991 I.
1595 2952 1708 3003 184.
1757 2946 1882 2995 inter
1913 2958 2146 3001 ceraceos

263 3016 418 3084 pisces
441 3016 656 3068 recenset
687 3029 734 3067 et
766 3031 898 3067 mare
928 3010 1231 3082 profundum
1263 3012 1507 3075 habitare,
1551 3031 1803 3085 nunquam
1833 3016 1971 3072 litora
2002 3038 2142 3073 acce-

259 3089 379 3147 dere
406 3093 483 3144 ait.
560 3086 785 3145 Ovidius
805 3088 941 3153 versu
963 3093 1049 3154 96.
1082 3087 1264 3143 celeres
1286 3091 1608 3156 cognominat
1624 3087 1880 3161 hIppuros.
1933 3090 2139 3166 Oppia-

1259 3166 1309 3215 Β
1348 3179 1375 3213 2
2045 3184 2140 3222 nus
