2571 3775
2102 389 2207 449 295

415 516 496 569 De
520 515 613 585 qua
635 512 899 566 nominum
930 508 1238 561 vetustorum
1258 521 1306 560 et
1327 509 1661 562 recentiorum
1681 507 1957 566 differentia
1978 510 2090 565 sane
2113 514 2207 565 im.

270 590 460 653 mensa,
499 588 581 641 etfi
607 591 705 653 jam
733 583 854 638 olim
881 577 1128 635 Albertus
1149 579 1258 643 M,
1291 578 1615 645 lVottonuS,
1648 581 1877 652 Foefius,
1910 585 2088 657 aliique
2121 586 2205 639 ad.

269 675 598 720 monuerrunt
618 695 633 723 ,
702 676 840 712 error
869 671 1035 709 tamen
1068 660 1368 726 permanavit
1402 659 1453 708 in
1484 655 1634 710 libros
1664 673 1841 711 omnes
1875 664 2208 713 recentiorum

268 740 556 808 scriptorum
578 736 999 793 anatomicorum,
1038 743 1211 800 utpote
1242 734 1327 802 qui
1353 728 1595 785 librorum
1624 743 1918 798 graecorum
1942 731 2210 787 lediionem

268 831 373 867 non
402 809 529 864 adeo
556 826 707 879 quam
736 808 1022 859 vetustiores
1050 801 1336 857 familiarem
1372 802 1627 857 habebant.
1740 804 2031 859 Accedebat
2060 810 2209 860 etiam

266 886 416 947 illud,
457 883 594 956 quod
624 898 809 935 nomen
833 879 963 933 aliud
993 898 1094 932 non
1125 877 1454 948 reperiebant,
1493 896 1599 949 quo
1624 876 1948 949 philosophus
1983 900 2162 935 nervos
2181 898 2210 934 a

267 958 474 1013 cerebro
495 972 698 1010 exortos
713 953 1045 1025 appellaverit3
1081 971 1299 1025 quorum
1317 967 1482 1005 tamen
1502 966 1725 1006 naturam
1747 954 2069 1027 officiumque
2089 973 2208 1008 eum

269 1033 411 1105 plane
439 1030 679 1101 ignorasse
699 1029 784 1082 fibi
811 1027 1082 1100 persuaderi
1104 1046 1206 1080 non
1231 1041 1472 1097 poterant.
1548 1027 1707 1079 Hem!
1748 1029 1971 1082 miseram
1991 1028 2207 1100 philosooe

260 1108 352 1179 phi
391 1106 772 1166 conditionem,
839 1106 920 1156 cui
952 1100 1037 1153 sub
1068 1105 1273 1154 nomine
1305 1099 1422 1154 falso
1464 1118 1733 1155 nervorum
1775 1106 1944 1155 notitia
1976 1122 2003 1156 a
2041 1122 2207 1156 rerum

265 1197 434 1236 natura
447 1195 494 1234 et
507 1183 707 1233 veritate
727 1177 867 1248 plane
881 1175 1150 1229 abhorrens
1172 1174 1469 1236 obtruditur,
1496 1193 1559 1227 ne
1581 1174 1759 1228 scilicet
1779 1191 1968 1246 partem
1981 1181 2206 1246 corporis

266 1257 471 1310 humani
491 1256 771 1324 principem
797 1254 1062 1322 omnisque
1091 1249 1253 1302 sensus
1278 1266 1547 1320 motusque
1567 1253 1815 1317 originem
1836 1251 2077 1319 ignorasse
2101 1269 2207 1304 cre-

265 1330 418 1383 datur.
459 1334 603 1397 Quae
624 1346 747 1381 vero
769 1326 936 1378 divino
949 1319 1245 1393 Aristotelis
1268 1327 1467 1390 ingenio
1491 1326 1648 1387 major
1670 1325 1777 1377 fieri
1790 1340 1982 1394 poterat
2002 1322 2206 1391 injuria?

263 1404 364 1459 Nafi
382 1402 508 1457 forte
533 1404 654 1455 haec
675 1404 845 1467 injuria
865 1418 967 1452 non
989 1395 1260 1459 videbitur,
1300 1396 1331 1450 fi
1357 1396 1656 1468 philosopho
1689 1405 1954 1453 nominum
1975 1403 2206 1455 notitiam

262 1479 520 1539 obtrudas,
561 1495 663 1548 quo
685 1479 838 1543 magis
860 1492 1025 1526 rerum
1045 1473 1285 1525 inscitiam
1307 1475 1357 1523 in
1381 1489 1443 1524 eo
1467 1472 1806 1542 reprehendas.
1883 1478 2018 1527 Fecit
2039 1488 2205 1528 tamen

262 1554 390 1608 hanc
413 1549 708 1622 philosopho
727 1552 953 1609 iniuriam
972 1545 1247 1600 multorum
1265 1546 1578 1599 medicorum
1601 1547 1835 1617 exemplo
1857 1549 2026 1602 denuo
2050 1567 2205 1618 nupe-

261 1648 346 1681 rus
375 1629 615 1679 Historiae
646 1623 932 1677 animalium
964 1626 1200 1691 interpres
1234 1619 1452 1674 Gallicus
1475 1657 1489 1683 ,
1560 1618 1769 1686 Cumas,
1827 1626 1877 1674 in
1909 1626 2202 1675 Comment.

261 1700 373 1754 Vol.
402 1706 455 1753 ΙΙ.
488 1719 538 1770 Ρ.
565 1717 681 1761 ς43.
711 1699 844 1769 ᾶπῃ,
879 1699 881 1701 ’
917 1696 1084 1749 Posuit
1117 1699 1250 1748 enim
1285 1694 1394 1747 loca
1427 1697 1623 1757 omnia,
1671 1712 1796 1765 quae
1830 1697 1891 1748 de
1922 1695 2199 1764 ligamentis

258 1776 455 1831 tradunt
476 1774 681 1835 offium,
718 1788 997 1841 nervosque
1019 1774 1305 1829 nominant3
1344 1782 1512 1821 contra
1532 1766 1709 1831 omifit,
1732 1771 1972 1842 quicquid
1993 1771 2054 1824 de
2077 1773 2203 1823 veris

265 1849 453 1904 cerebri
479 1845 828 1919 propaginibus
857 1845 919 1897 ad
946 1843 1136 1897 semiim
1176 1858 1474 1914 motumque
1516 1848 1740 1913 corporis
1769 1844 2123 1915 pertinentibus
2150 1849 2201 1898 in

260 1925 398 1978 libris
422 1923 702 1993 philosophi
728 1920 1088 1971 disseminatum
1122 1916 1288 1970 multis
1312 1921 1363 1968 in
1386 1916 1723 1985 locis‘legitur.

312 1998 313 2001 ’
407 1996 600 2049 Scilicet
613 1988 908 2066 Aristoteles
921 2009 1187 2045 nervorum
1208 2009 1394 2044 nomen
1411 1995 1462 2044 in
1483 1991 1672 2046 cerebri
1686 1992 2037 2064 propaginibus
2058 1996 2199 2061 igno-

257 2086 356 2134 rat,
392 2085 538 2142 atque
560 2068 679 2122 illud
700 2071 751 2120 in
770 2068 950 2121 offium
975 2064 1248 2132 ligamentis
1269 2063 1378 2118 solis
1399 2064 1630 2118 adhibuit.
1709 2070 1907 2121 Contra
1921 2086 2066 2123 veros
2087 2085 2198 2120 ner-

260 2165 379 2209 vos,
413 2143 599 2199 cerebri
631 2145 953 2213 propagines,
989 2138 1236 2194 vocabulo
1256 2134 1419 2215 πόρος
1435 2139 1732 2208 indigitavit,
1763 2142 1902 2213 quod
1923 2159 2198 2196 commune

260 2226 405 2275 variis
427 2221 655 2273 vasorum
686 2214 949 2286 generibus
979 2232 1243 2276 cavorum,
1283 2227 1330 2266 et
1360 2229 1605 2284 praeterea
1635 2216 1984 2285 propaginibus
2015 2234 2199 2285 corpo-

257 2315 369 2350 ru÷n
395 2290 706 2347 filamentofis
727 2305 775 2344 et
797 2289 958 2345 solidis
976 2290 1147 2359 posuit,
1214 2293 1381 2361 Itaque
1402 2307 1465 2342 ex
1485 2307 1549 2345 eo
1566 2293 1785 2345 nominis
1806 2292 1891 2345 usu
1908 2292 1970 2346 de
1991 2296 2198 2345 cavitate

260 2388 528 2425 nervorum
550 2366 668 2420 nihil
694 2382 895 2434 arguere
914 2361 1095 2417 licebit.

238 2500 249 2506 ,
361 2448 504 2497 Hanc
525 2441 762 2512 loquendi
789 2438 1197 2494 consuetudinem·
1219 2433 1491 2500 Aristoteli
1509 2443 1758 2511 propriam
1784 2443 1871 2512 qui
1888 2437 2197 2508 ignorabant,

253 2536 525 2574 nervorum
553 2513 850 2569 vocabulum
883 2531 1050 2565 errore
1082 2531 1267 2580 magno
1298 2517 1629 2583 arripuerunt,
1688 2516 1922 2587 suamque
1955 2516 2195 2568 sermonis
2256 2532 2259 2533 ’

252 2597 415 2662 graeci
444 2594 771 2659 ignorantiam
801 2586 1098 2660 philosopho
1138 2587 1334 2641 summo
1357 2590 1674 2658 imputarunt.
1770 2594 1902 2643 Hinc
1931 2589 2116 2644 facium
2143 2603 2198 2642 ut

251 2667 504 2722 historiam
532 2664 794 2718 literariam
834 2681 1103 2716 nervorum
1133 2665 1279 2715 etiam
1304 2664 1688 2716 accuratiffimus
1717 2668 1947 2718 omnium
1973 2666 2194 2734 scriptor,

251 2745 326 2796 Cl.
350 2737 724 2809 Soemmering‚
762 2755 790 2790 a
821 2738 998 2790 seriore
1030 2750 1184 2789 aetate
1217 2738 1415 2790 exorsus
1448 2736 1633 2790 nullam
1663 2733 1958 2806 Aristotelis
1980 2743 2195 2792 mentio-

250 2834 368 2869 nem
389 2814 593 2876 faceret,
629 2812 714 2866 nifi
734 2831 798 2866 eo
819 2816 868 2865 in
892 2810 1035 2872 loco,
1070 2809 1155 2863 ubi
1179 2808 1341 2863 falsam
1363 2813 1425 2864 de
1455 2830 1724 2865 nervorum
1744 2817 1795 2866 in
1824 2814 1975 2867 corde
1996 2817 2191 2881 origine

248 2895 401 2957 tangit
423 2904 569 2962 atque
591 2890 890 2958 interpretari
912 2898 1131 2939 conatur.
1206 2887 1402 2938 Exstant
1428 2901 1592 2940 tam-en
1624 2886 1788 2956 plures
1821 2892 1870 2940 in
1902 2888 2033 2942 libris
2054 2884 2191 2940 Ari-

237 2962 436 3036 stotelis
455 2963 663 3029 vulgatis
683 2967 882 3016 notitiae
903 2979 1169 3014 nervorum
1197 2979 1313 3013 cum
1335 2975 1500 3013 natura
1521 2959 1664 3030 plane
1684 2978 2030 3030 congruentes,
2067 2978 2187 3033 quas

247 3053 413 3092 tamen
448 3057 549 3092 non
580 3055 641 3090 ex
673 3035 816 3106 ipfius
841 3036 1056 3090 hominis
1090 3034 1297 3088 cerebro
1321 3034 1564 3103 collegiffe
1603 3035 1799 3088 videtur
1819 3074 1833 3099 ,
1900 3057 2002 3092 non
2028 3040 2185 3104 magis

244 3131 393 3185 quam
417 3112 621 3183 plurima
642 3115 976 3164 recentiorum
995 3114 1389 3163 anatomicorum
1414 3114 1726 3164 Graecorum
1749 3130 1883 3181 parS,
1921 3127 2067 3185 atque
2086 3113 2187 3182 ipse

241 3188 369 3245 adeo
402 3184 649 3256 Galeam,
689 3190 774 3260 qui
807 3184 1066 3240 brutorum
1097 3184 1383 3250 animalium
1428 3184 1690 3240 cerebrum
1715 3204 2083 3262 nervorumque
2121 3204 2184 3239 ex

2120 3281 2185 3320 CO
