2571 3775
464 332 570 375 120

452 468 485 505 e
508 446 659 521 planis
683 444 842 517 aliqua
863 437 1167 521 nonthabent
1190 445 1378 514 pinum,
1415 457 1472 497 ut
1492 446 1787 515 pastinacae,
1823 443 1918 515 ipsa
1940 446 2075 498 enim
2095 441 2350 503 latitudine

456 536 634 579 natant.
715 526 773 573 In
791 522 974 588 graecis
995 521 1316 586 negationem
1335 522 1524 572 omittit
1544 535 1683 573 vetus
1696 519 1849 574 verfio
1869 521 1998 591 apud
2020 517 2348 574 Vincendum

453 613 508 652 et
526 592 768 663 Albam&
828 592 975 647 habet
1001 596 1162 645 enim:
1209 593 1293 645 sed
1321 595 1433 646 finis
1462 593 1797 665 amplitudinis
1831 614 2009 649 eorum
2043 594 2259 648 declinat
2288 592 2351 647 ad

456 665 732 730 stristuram
752 667 873 722 ficut
891 668 1030 738 piscis
1053 671 1137 738 qui
1157 667 1288 737 apud
1308 686 1401 721 vnos
1426 669 1585 723 midre
1614 685 1836 723 vocatur.
1913 672 2085 743 Atque
2120 669 2248 722 hanc
2281 669 2353 722 le-

457 747 683 802 &ionem
705 743 936 816 equidem
955 740 1264 812 probandam
1283 743 1474 796 censeo.
1547 749 1629 797 De
1658 743 1878 797 Partibus
1898 749 1978 798 IV.
2011 766 2028 797 J
2047 765 2088 808 3.
2123 748 2269 811 Rajae
2298 757 2356 798 et

459 822 637 879 ssmiles
668 831 760 890 pro
787 820 947 887 pinnis
976 830 1198 868 extrema
1228 817 1300 869 sui
1322 821 1547 887 corporis
1574 817 1830 871 latitudine
1857 831 2038 872 natant.
2115 823 2350 893 Squatina

456 911 510 950 et
533 904 646 951 rana
667 896 842 964 pinnas
859 889 1134 961 pedtorales
1154 887 1354 944 inferius
1375 891 1548 961 politas
1582 892 1729 946 habet
1758 906 1960 965 propter
1989 896 2158 963 capitis
2190 894 2350 959 latitu-

458 972 655 1032 dinem,
692 966 931 1021 ventrales
952 983 1072 1018 vero
1095 964 1525 1036 capitiappofitas3
1572 985 1739 1041 neque
1769 972 1902 1019 enim
1934 971 2104 1036 capitis
2139 968 2351 1023 latitudo

461 1055 661 1100 motum
694 1057 868 1096 earum
895 1040 1132 1111 impedit3
1179 1040 1261 1093 fied
1294 1043 1536 1114 quoniam
1565 1040 1682 1094 loco
1714 1041 1961 1111 superiore
2003 1040 2185 1111 pofitae
2208 1044 2354 1105 sunt,

460 1120 578 1175 ideo
596 1122 814 1172 minores
839 1113 1390 1186 peetoralibussunt.——
1431 1114 1746 1184 Cat-tilaginei
1766 1114 1897 1185 plani
1918 1116 2353 1187 quidamcaudam

464 1195 669 1263 longam
699 1206 748 1246 et
766 1191 1010 1261 asperam,
1042 1188 1288 1258 reliquum
1312 1206 1495 1258 corpus
1517 1188 1669 1242 latum
1701 1189 1908 1252 habent,
1949 1204 2004 1243 ut
2029 1193 2269 1261 pastinaca
2304 1204 2358 1243 et

461 1268 704 1340 torped03
749 1265 827 1320 alii
843 1259 1056 1314 caudam
1078 1261 1330 1315 carnolam
1353 1263 1557 1335 quidem
1569 1264 1650 1316 sed
1672 1264 1876 1318 brevem
1887 1263 2083 1318 habent.
2161 1268 2353 1324 Contra

459 1349 513 1403 in
538 1355 656 1398 rana
682 1338 886 1400 accidit,
934 1338 1073 1403 cujus
1107 1337 1325 1407 superior
1354 1355 1465 1406 pars
1495 1342 1735 1410 quoniam
1770 1338 1861 1393 lata
1889 1340 2098 1411 quidem
2129 1340 2210 1392 sed
2247 1358 2354 1393 non

462 1417 661 1473 carnosa
681 1416 775 1475 est3
817 1413 932 1466 ideo
956 1425 1149 1473 natura,
1188 1412 1421 1484 quicquid
1458 1410 1597 1472 alteri
1634 1417 1758 1483 parti
1786 1413 2044 1477 subtraxit,
2071 1415 2356 1484 posteriori

463 1506 517 1547 et
540 1491 721 1545 caudae
751 1486 935 1541 addidit
970 1489 1020 1538 in
1052 1486 1523 1556 compensationem.
1631 1492 1687 1540 11.
1732 1506 1805 1553 ¹3-
1840 1488 2136 1557 cartilaginei
2172 1506 2354 1541 omnes

420 1619 425 1623 .
467 1566 723 1621 branchias
753 1560 890 1616 nullo
916 1559 1159 1631 operculo
1183 1558 1331 1613 teff'tas
1362 1559 1625 1613 habent—⁴
1647 1561 1785 1631 longi
1806 1562 2104 1632 cartilaginei
2124 1567 2175 1619 in
2198 1561 2357 1615 lateri-

468 1641 562 1696 bus
584 1639 766 1693 habent
785 1635 1064 1696 branchias;
1106 1647 1252 1706 atque
1279 1638 1343 1688 ita
1376 1640 1525 1688 etiam
1557 1653 1699 1699 rana,
1741 1637 1824 1691 sed
1857 1637 2098 1707 operculo
2130 1657 2231 1692 non
2263 1638 2358 1707 spi-

473 1717 597 1771 noso
626 1715 708 1768 seu
742 1711 904 1774 offeo,
956 1723 1010 1763 ut
1041 1709 1215 1780 reliqui
1235 1710 1410 1779 pisces,
1444 1709 1524 1762 sed
1544 1725 1754 1765 cutaneo
1776 1710 1944 1765 teila&
2020 1717 2099 1765 VI.
2132 1731 2208 1774 17.
2228 1714 2357 1764 inter

474 1789 883 1847 foecundiffimos
904 1804 966 1838 ex
985 1801 1166 1853 genere
1187 1782 1614 1855 cartilagineorum
1625 1788 1694 1837 est
1718 1804 1856 1845 rana3
1895 1805 2068 1839 verum
2091 1787 2229 1857 quod
2251 1783 2360 1839 foe-

475 1879 583 1921 fura
602 1862 743 1917 facile
764 1864 920 1931 perit,
959 1876 1063 1912 rara
1105 1872 1313 1929 apparet.
1401 1861 1528 1910 'Parit
1558 1863 1691 1912 enim
1722 1879 1815 1913 ova
1844 1859 2062 1914 conferta
2091 1854 2160 1912 ad
2181 1860 2357 1913 littora.

473 1944 554 1996 De
576 1940 911 1992 Generatione
921 1938 992 1986 ΙΙΙ.
1012 1952 1054 1995 3.
1093 1951 1154 1985 ex
1175 1931 1496 1999 cartilagineis
1518 1933 1726 2002 piscibus
1746 1933 1844 1987 sola
1864 1939 2049 1987 marina
2073 1953 2187 1987 rana
2201 1953 2359 1987 ovum

472 2011 749 2087 perfeetum
770 2010 884 2063 edit.
961 2006 1115 2061 Causa
1135 2008 1202 2059 est
1229 2021 1394 2058 natura
1419 2011 1655 2076 corporis.
1734 2011 1895 2079 Caput
1917 2012 2054 2061 enim
2073 2007 2181 2079 plus
2207 2026 2360 2079 quam

477 2081 632 2159 duplo
663 2084 893 2155 grandius
923 2080 1116 2153 reliquo
1151 2098 1364 2150 corpore
1394 2079 1570 2144 habet,
1631 2082 1781 2153 idque
1813 2082 2094 2136 aculeatum
2127 2097 2181 2137 et
2216 2081 2360 2134 valde

472 2164 710 2235 asperum.
785 2163 957 2227 Qlam
969 2154 1044 2210 ob
1067 2173 1173 2208 rem
1193 2173 1284 2208 nec
1306 2156 1472 2224 postea
1493 2153 1685 2208 foetum
1704 2162 1754 2209 in
1782 2158 1830 2210 se
1856 2161 2055 2227 recipit,
2103 2172 2157 2209 ut
2186 2155 2360 2228 reliqui

476 2236 802 2305 cartilaginei,
836 2250 928 2283 nec
952 2233 1162 2284 omnino
1184 2233 1349 2281 vivum
1376 2229 1553 2282 animal
1572 2234 1709 2299 parit.
1787 2234 1972 2301 Capitis
2005 2235 2140 2285 enim
2167 2234 2359 2298 magni-

477 2313 601 2367 tudo
622 2327 671 2363 et
688 2308 912 2377 asperitas
930 2318 984 2356 ut
1001 2304 1219 2364 aditum,
1254 2302 1319 2354 ‘fic
1341 2307 1531 2355 exitum
1546 2310 1704 2356 etiam
1728 2306 1947 2374 impedit.
2033 2305 2255 2358 Eandem
2288 2303 2358 2357 ob

477 2387 674 2441 cautam
693 2380 841 2435 solius
860 2396 1001 2431 ranae
1017 2395 1114 2430 ‘ova
1134 2377 1244 2429 sunt
1263 2374 1412 2429 solida
1436 2392 1483 2429 et
1501 2378 1670 2440 firma,
1711 2397 1814 2450 quo
1842 2379 2018 2432 melius
2049 2378 2169 2433 foris
2199 2379 2362 2431 serve-

479 2476 586 2522 tur3
634 2456 941 2527 reliquorum
980 2466 1150 2505 contra
1199 2449 1628 2518 cartilaginem-um
1664 2452 1829 2506 mollia
1872 2455 1979 2506 sunt
2018 2468 2071 2506 et
2115 2451 2361 2506 flexibilia.

482 2535 670 2589 Eadem
690 2532 865 2599 repetit
901 2531 975 2578 ΙΙΙ.
1014 2547 1055 2578 1.
1097 2522 1346 2578 Aelianus
1374 2529 1461 2595 qui
1484 2526 1603 2578 haec
1628 2527 1838 2579 traduxit
1865 2533 1991 2579 XIIL
2020 2549 2061 2588 ς.
2090 2547 2185 2582 ova
2215 2545 2359 2580 ranae

482 2615 547 2664 ait
567 2607 661 2661 effe
680 2606 843 2674 aspera
865 2603 1073 2673 squamis
1109 2598 1365 2674 (φολίδας
1386 2599 1542 2675 ἕχον)
1579 2615 1627 2652 et
1658 2600 1788 2653 tastu
1817 2601 2073 2655 refistentia
2102 2604 2184 2655 seu
2215 2602 2362 2661 dura;

482 2702 612 2756 quae
631 2676 958 2747 Philosophus
996 2673 1273 2744 simpliciter
1295 2669 1493 2749 στερεοὶ
1514 2688 1563 2726 et
1586 2671 1816 2751 στιφρρὲ,
1852 2680 1879 2727 i.
1899 2695 1943 2729 e.
1975 2675 2125 2729 solida
2155 2691 2202 2728 et
2239 2675 2359 2726 dura

488 2760 689 2810 dixerat.
729 2758 785 2805 ·1-1.
817 2771 893 2808 ις.
924 2748 1115 2802 felleam
1136 2746 1343 2800 vesicam
1361 2750 1494 2813 juxta
1526 2750 1748 2801 intestina
1781 2749 1929 2803 habet
1958 2767 2084 2801 rana.
2131 2753 2241 2803 ·IX.
2277 2766 2360 2813 37.

486 2836 612 2886 Mira
636 2828 716 2882 sed
735 2844 846 2881 vera
868 2826 999 2885 sunt,
1048 2839 1174 2893 quae
1209 2821 1271 2873 de
1299 2839 1415 2874 rana
1443 2822 1691 2891 piscatrice
1730 2821 1857 2874 dicla
1888 2837 2153 2876 narrantur.
2227 2826 2362 2876 Rana

487 2909 625 2961 enim
650 2898 997 2973 appendicibus
1016 2895 1133 2959 illis,
1169 2913 1294 2967 quae
1317 2911 1426 2947 ante
1448 2895 1623 2950 oculos
1644 2896 1951 2965 dependent,
1997 2916 2122 2968 quae
2156 2896 2360 2967 capillo-

488 2997 601 3032 rum
624 2979 767 3030 instar
790 2974 935 3042 longa
955 2986 1003 3025 et
1028 2974 1078 3023 in
1097 2986 1314 3023 extrema
1331 2984 1465 3039 parte
1487 2970 1696 3023 rotunda
1708 2971 1830 3033 sunt,
1869 2971 1999 3043 quafi
2018 2985 2184 3023 natura
2201 2971 2360 3024 escam

492 3057 686 3123 utrique
707 3055 758 3102 in
781 3051 880 3101 fine
900 3047 1080 3100 addere
1103 3042 1342 3104 voluerit,
1379 3042 1514 3097 elatis
1536 3043 1664 3117 quafi
1692 3042 1829 3098 lineis
1851 3047 2055 3115 piscatur
2083 3044 2361 3097 abscondita

494 3131 547 3180 in
566 3127 722 3178 arenis
744 3137 829 3176 aut
848 3116 1504 3176 coenorantealconturbatis.
1581 3123 1719 3174 Dum
1728 3123 1862 3173 enim
1871 3120 2088 3190 pisciculi
2107 3132 2367 3171 accurrunt

2318 3203 2369 3244 et
