2571 3775
177 760 259 804 No.
272 770 317 811 ¹2.

278 1164 312 1190 ’'-

180 1212 264 1254 ΝΟ.
288 1222 325 1249 1.

399 304 474 358 24
1190 299 1483 322 ---··

393 436 461 470 ex
491 415 645 471 odore
666 415 793 482 ejus:
841 426 892 468 et
933 427 1100 467 tamen
1145 411 1226 466 ille
1255 413 1394 483 piscis
1424 411 1593 468 efibilis
1626 416 1694 469 est
1723 428 1772 469 et
1800 416 1940 471 lanus
1970 416 2275 473 hominibus.

397 493 533 544 Idem
565 495 685 543 VIII.
712 509 758 560 p.
786 507 870 555 90.
893 507 932 541 a.
992 488 1044 541 hi
1081 489 1189 540 sunt
1225 486 1343 554 ficut
1373 492 1422 541 in
1445 493 1573 542 mari
1602 490 1798 559 anglico
1829 507 1878 546 et
1909 497 2194 561 germanico
2223 507 2274 546 et

395 565 602 619 sclavico
626 563 745 617 allec
770 579 819 617 et
837 565 1072 635 spiringus
1095 576 1143 614 et
1170 561 1240 614 id>
1274 562 1377 615 uod
1398 567 1513 617 Vint
1533 581 1767 628 vocatur,
1814 581 1862 620 et
1883 567 2095 622 hardern
2121 586 2271 622 voca-

394 653 499 703 tur,
539 643 623 712 qui
642 640 752 693 sunt
768 637 922 691 mulli.
989 641 1222 689 Tertium
1308 635 1387 689 im
1418 642 1642 692 nominat
1670 659 1715 710 p.
1742 652 1822 699 81.
1842 639 1889 694 b.

543 752 748 825 Σαῦρος
776 743 1073 817 Aristoteles
1093 751 1174 799 IX.
1198 763 1242 798 2.
1287 746 1436 799 semel
1469 752 1752 802 nominatur
1772 754 1898 803 inter
1913 752 2066 821 pisces
2090 764 2273 813 turma-

394 827 485 877 tim
515 839 745 877 natantes.
830 828 961 890 Ergo
998 821 1113 874 hinc
1159 820 1365 873 definire
1410 822 1472 875 de
1505 841 1691 891 genere
1741 823 1862 877 nihil
1901 825 2025 878 licet.
2102 830 2273 894 Qem

395 894 643 952 Aelianus
662 902 760 949 XII.
785 914 866 957 ας.
904 900 1084 966 pingit,
1111 899 1255 948 maris
1277 895 1438 948 incola
1452 897 1704 963 Erythraei
1729 900 1796 951 est
1814 904 1981 953 Locus
2005 896 2274 971 Speusngwi

395 972 525 1041 apud
561 968 874 1025 Athe-naemu
891 974 987 1022 VII.
1012 989 1057 1040 p.
1085 987 1203 1033 322.
1236 970 1448 1022 modum
1477 971 1596 1024 sauri
1626 972 1686 1024 ad
1709 992 1918 1026 coenam
1952 974 2152 1044 parandi
2178 971 2274 1027 far-

396 1046 656 1118 ciendique
676 1045 824 1100 docet
846 1043 1019 1099 solum.
1094 1047 1243 1111 Igitur
1265 1062 1358 1097 nec
1376 1044 1492 1097 hinc
1511 1045 1749 1112 auxilium
1766 1051 1865 1118 peti
1883 1052 2053 1118 potest.

542 1150 875 1225 AnclzoragO.
933 1149 1249 1225 Gaffiodorus
1277 1158 1377 1206 XII.
1409 1172 1456 1218 4.
1502 1154 1705 1208 destinet
1725 1174 1921 1227 carpam
1941 1154 2215 1220 DanubiuS,
2248 1175 2278 1210 e

396 1229 574 1284 Rheno
609 1233 771 1282 veniat
790 1226 1105 1295 anchorago,
1151 1230 1445 1282 exormistos
1482 1228 1638 1281 Sicula
1661 1231 1909 1283 offeratur.
1978 1230 2273 1284 Anchoram

390 1323 422 1357 a
453 1304 667 1359 salmone
681 1304 927 1370 distinguit
939 1301 1228 1356 Chronicon
1246 1304 1528 1356 Monasterii
1540 1308 1582 1355 S.
1593 1304 1851 1358 Trudonis
1864 1306 1994 1375 apud
2002 1302 2277 1376 Cawgizm.

398 1384 549 1432 Vetus
571 1397 757 1433 nomen
780 1375 1011 1446 gallicum
1034 1373 1282 1442 Amorem,
1322 1374 1605 1440 Aneroeul,
1645 1393 1692 1431 et
1720 1381 1943 1432 nostrum
1964 1375 2274 1440 Rlzeimwkea

398 1449 592 1509 Illcmke
619 1453 827 1507 eandem
856 1450 1036 1503 habent
1063 1453 1310 1518 originem
1348 1468 1373 1502 a
1407 1456 1553 1504 maris
1582 1455 1738 1506 rostro
1765 1458 1950 1506 mirum
1979 1458 2031 1507 in
2059 1452 2274 1508 modum

398 1528 547 1583 aucto
569 1543 715 1599 atque
733 1531 1015 1589 incurvato,
1057 1524 1201 1579 unde
1214 1525 1349 1578 idem
1366 1525 1525 1580 Gallis
1555 1524 1799 1581 Beccard.

550 1633 720 1709 Esooc,
749 1633 891 1707 Isox.
939 1637 1076 1688 Haec
1096 1637 1297 1688 nomina
1324 1634 1452 1697 duo,
1491 1636 1573 1689 seu
1594 1636 1729 1690 idem
1749 1640 1914 1708 potius
1934 1641 2064 1691 varie
2090 1633 2276 1690 forma-

402 1730 510 1770 tum
537 1712 740 1768 [almoni
758 1709 820 1762 ad
839 1709 1062 1762 medium
1091 1708 1244 1780 usque
1267 1727 1444 1761 aevum
1475 1710 1698 1764 adhaefit.
1805 1717 2006 1765 Docent
2030 1711 2130 1764 hoc
2165 1710 2277 1764 loca

403 1809 435 1844 a
454 1784 651 1857 Catzgio
675 1783 760 1838 sub
779 1783 826 1837 h.
846 1803 890 1836 v.
923 1783 1088 1843 allata;
1143 1798 1389 1853 praeterea
1412 1778 1659 1838 Albertus
1674 1805 1722 1856 p.
1747 1803 1865 1849 243.
1886 1803 1926 1838 a.
2008 1786 2167 1847 Esox,
2204 1788 2277 1837 in-

409 1868 539 1937 quit,
571 1860 707 1931 piscis
728 1861 795 1912 est
819 1876 967 1929 quem
994 1856 1196 1930 quidam
1219 1854 1417 1929 Lahfhn
1439 1872 1629 1911 vocant.
1722 1860 1941 1928 Qxidam
1972 1875 2138 1913 autem
2171 1877 2277 1911 ma-

403 1948 564 2007 gnum
601 1934 780 2004 piscem
810 1931 1026 1986 Danubii
1065 1946 1111 1984 et
1140 1928 1444 2002 quarundam
1474 1951 1710 2003 aquarum
1746 1933 2033 1986 Danubium
2068 1936 2278 1986 influen-

409 2017 562 2073 tium,
596 2026 746 2080 quem
784 2011 974 2074 Ungari
1016 2019 1065 2058 et
1096 2005 1362 2058 Alamanni
1407 2003 1661 2079 Husonem
1692 2020 1877 2061 vocant
1913 2022 2000 2061 aut
2041 2008 2276 2062 Asocem.

403 2086 492 2140 Ille
516 2087 658 2153 igitur
673 2084 762 2153 qui
791 2077 924 2152 lalzse
944 2093 1170 2142 vocatur,
1210 2080 1419 2147 figuram
1443 2094 1489 2133 et
1512 2079 1734 2135 colorem
1754 2080 1901 2135 habet
1926 2082 2171 2144 salmoniS,
2191 2081 2276 2137 nifi

405 2160 548 2233 quod
568 2155 850 2210 inferiorem
880 2152 1212 2206 mandibulam
1242 2154 1301 2205 ad
1329 2155 1545 2224 superius
1580 2154 1727 2208 habet
1749 2174 2024 2219 recurvam,
2056 2156 2175 2209 ficut
2194 2175 2274 2210 ro-

407 2239 559 2290 strum
580 2230 851 2303 aquilinum
872 2242 1096 2281 curvatur
1116 2228 1178 2279 ad
1201 2224 1426 2290 inferiuS,
1463 2243 1512 2281 et
1542 2244 1659 2281 tunc
1683 2248 1786 2282 non
1817 2231 1886 2282 est
1907 2229 2103 2298 longior
2127 2249 2278 2302 quam

409 2312 651 2380 superior,
690 2304 771 2357 sed
792 2305 1036 2373 superiore
1056 2298 1297 2354 foramine
1317 2302 1376 2353 ad
1410 2301 1510 2355 hoc
1539 2318 1706 2372 parato
1737 2308 1788 2355 in
1811 2305 1858 2356 se
1884 2309 2055 2375 recipit
2075 2304 2276 2359 inferio-

408 2403 532 2437 rem.
599 2382 814 2432 Carnem
832 2392 996 2429 autem
1019 2374 1164 2428 habet
1181 2394 1283 2429 non
1303 2375 1430 2428 adeo
1450 2375 1650 2430 rubeam
1672 2395 1833 2448 neque
1852 2381 1916 2431 ita
1938 2379 2275 2433 delectabilem

409 2459 528 2514 ficut
549 2453 714 2507 salmo.
796 2449 1106 2504 Vocabulum
1121 2450 1368 2502 vetustum
1387 2446 1579 2522 Lahfi’,
1622 2452 1760 2521 quod
1786 2451 1936 2506 hodie
1965 2450 2133 2508 Luchs
2161 2460 2293 2526 pro-'

409 2533 717 2589 nunciamuS,
754 2523 978 2595 exempla
1011 2523 1146 2576 allata
1171 2541 1196 2575 a
1219 2521 1418 2593 Caugz'o
1440 2538 1488 2577 et
1516 2522 1754 2596 Frifithzio
1774 2529 1941 2582 nostro
1961 2530 2273 2582 conflrmantL

410 2608 615 2660 Elocem
635 2606 785 2655 'etiam
807 2600 865 2652 ab
886 2599 984 2652 aliis
1005 2598 1261 2650 Husonem
1283 2597 1497 2651 Danubii
1515 2599 1957 2669 appellatumfuiffe
1983 2604 2167 2656 docent
2184 2604 2276 2658 do-

411 2692 639 2733 cumenta
660 2695 684 2728 a
703 2670 942 2746 Frischio
964 2671 1163 2725 laudata.
1240 2668 1446 2726 Plinius
1464 2675 1513 2724 in
1533 2675 1794 2744 Aquitania
1814 2675 2083 2730 [almonem
2107 2681 2278 2732 fluvia-

409 2756 549 2809 tilem
579 2754 774 2804 marinis
807 2746 1041 2802 omnibus
1059 2741 1288 2817 praeferri
1309 2761 1484 2800 monet
1513 2751 1593 2800 IX.
1621 2761 1696 2807 18..
1734 2765 1979 2819 praeter-ea
2013 2750 2278 2822 Ausonius

412 2834 463 2883 in
486 2824 688 2881 Mosella
706 2825 841 2877 versu
867 2842 934 2889 97
957 2823 1088 2893 seqq.
1120 2820 1224 2872 satis
1245 2821 1439 2889 copiose
1454 2825 1619 2891 pingit.
1696 2826 1908 2894 Scriptor
1928 2825 1990 2878 de
2016 2842 2180 2879 natura
2201 2846 2275 2881 re—

413 2922 525 2956 rum
544 2899 669 2971 apud
703 2892 1028 2953 Vin-cautium
1053 2899 1195 2946 XVII.
1220 2911 1321 2964 cap.
1348 2913 1443 2961 53...
1465 2892 1629 2949 Exox
1651 2895 1797 2950 habet
1819 2898 1881 2952 de
1901 2900 2025 2970 pisce
2051 2907 2274 2956 maximo

414 2976 644 3037 Danubii,
693 2991 843 3044 quem
861 2969 1072 3028 ,obscure
1093 2967 1264 3021 fabulis
1288 2987 1390 3022 non
1410 2971 1595 3022 omissis
1625 2971 1860 3026 describit.
1945 2975 2093 3029 Vides
2131 2979 2275 3045 igitur

416 3049 617 3110 Eriox,
654 3047 792 3121 quod
812 3046 950 3101 avide
970 3047 1170 3117 arripuit
1190 3039 1475 3107 Limmeus,
1508 3064 1575 3099 ex
1596 3049 1715 3100 vitio
1734 3046 1991 3118 scripturae
2018 3049 2124 3104 effe.

2096 3155 2148 3213 T
2141 3164 2289 3216 rutta
