2571 3775
1239 361 1294 371 -σ

351 446 439 506 Ad
455 449 707 506 historiam
727 448 1030 518 opinionum
1046 447 1110 500 de
1130 447 1441 517 respiratione
1457 445 1664 516 piscium
1685 450 1892 517 pertinet
1911 449 2091 516 adhue,

206 524 344 597 quod
365 544 412 595 p.
440 547 454 577 r
476 547 536 591 14
565 545 627 578 ex
646 523 769 576 libro
791 523 853 575 de
872 523 1198 591 respirationis
1231 520 1430 574 utilitate
1452 518 1644 574 Galerio
1662 523 1908 592 supposito
1930 524 2094 590 refert,

201 601 354 670 pisces
377 619 463 653 eos
479 637 494 662 ‚
528 603 610 671 qui
636 596 888 650 branchia-s
913 596 1213 667 pulmonum
1242 599 1349 648 vice
1372 594 1583 658 habent,
1621 596 1794 665 spirare
1816 616 1982 650 aerem
2015 603 2090 651 in-

200 688 274 725 tra
293 692 470 745 aquam
500 670 786 728 conclusum
808 690 896 743 per
918 690 1072 743 poros
1100 669 1472 735 branchiarum‚
1511 669 1678 725 fistuli-s
1699 670 1956 741 pulmonis
1977 690 2089 728 ana-

203 745 366 816 logos,

343 867 482 916 Haec
502 861 602 916 fere
623 863 732 916 sunt
750 863 874 917 mihi
892 867 943 916 in
963 877 1072 918 toto
1100 862 1230 917 libro
1252 863 1344 916 visa
1371 863 1515 931 digna
1536 862 1643 917 loca
1660 901 1675 926 ‚
1715 879 1838 936 quae
1860 867 2093 933 excerpta

201 937 300 993 huc
322 937 629 991 referrentur.
707 943 922 994 Breviter
941 957 1072 991 nunc
1101 937 1282 992 videbo
1308 939 1370 990 de
1397 957 1460 991 eo
1487 939 1692 1001 viscere,
1733 938 1870 1009 quod
1889 937 2097 1007 pulmo-⁴

199 1031 325 1065 num
348 1012 517 1080 locum
547 1016 598 1064 in
620 1011 831 1081 piscibus
856 1012 1080 1066 obtinere
1110 1014 1321 1065 affirmat
1338 1009 1627 1065 Severimu&
1704 1012 1858 1080 Quod
1889 1012 2091 1084 quidem

196 1087 356 1139 statim
385 1106 448 1139 ex
481 1085 569 1138 fitu
600 1099 648 1138 et
680 1084 838 1139 forma
869 1085 1160 1156 suspicabar,
1216 1085 1267 1137 id
1296 1085 1420 1138 mihi
1456 1090 1761 1155 comparatio
1795 1089 2098 1138 Zootomiae

151 1193 154 1196 >
199 1163 419 1212 Severini
447 1159 590 1228 plane
612 1161 950 1228 confirmavit,
985 1164 1145 1212 virum
1168 1159 1348 1212 scilicet
1377 1160 1558 1231 alioqui
1588 1158 1792 1213 clodium
1823 1177 1968 1212 renes
1999 1177 2089 1229 pro

198 1232 527 1303 pulmonibus
554 1233 794 1297 habuisse,
827 1238 875 1286 in
895 1234 1101 1304 piscium
1129 1234 1308 1287 scilicet
1326 1252 1508 1302 genere
1537 1254 1628 1304 pro
1660 1233 1845 1305 reliqua
1866 1236 2098 1302 corporis

197 1307 334 1360 mole
364 1322 412 1361 et
445 1313 617 1361 ceteris
651 1307 914 1361 visceribus
955 1326 1268 1378 permagnos..
1343 1311 1609 1362 Zootomia
1631 1312 1679 1360 in
1701 1307 1844 1361 asello
1865 1322 2096 1360 comme-

197 1396 360 1435 morat
391 1400 498 1451 pag.
528 1399 626 1445 372
663 1381 929 1452 pulmones
953 1381 1338 1450 gallinaceorum
1368 1402 1546 1437 renum
1576 1383 1735 1436 modo
1763 1381 2012 1449 oblongos
2041 1394 2091 1434 et

197 1457 465 1510 transverse
489 1457 680 1508 incisos.
754 1461 807 1509 In
832 1456 984 1511 milvo
1007 1471 1172 1509 tamen
1194 1458 1323 1526 piscfl
1352 1475 1400 1527 p.
1428 1464 1541 1522 3³73¹
1565 1475 1704 1510 renes
1724 1456 1814 1508 late
1840 1474 2096 1525 occupan-

195 1541 271 1582 tes
303 1531 509 1599 superne
531 1528 716 1582 inferne
734 1529 894 1583 habet.
971 1535 1202 1603 Denique
1231 1535 1281 1585 in
1307 1545 1453 1585 trutta
1487 1550 1535 1602 p.
1557 1544 1660 1598 389
1694 1535 1871 1584 iterum
1891 1529 2089 1601 pulmo*

198 1621 285 1657 nes
315 1604 397 1656 sed
421 1622 561 1657 renes
583 1602 751 1657 nullos
770 1620 1147 1659 commemorat.

347 1733 537 1786 Aortae
567 1736 615 1784 in
636 1734 842 1802 piscium
861 1752 1044 1801 genere
1066 1735 1292 1788 universo
1316 1737 1508 1787 initium
1529 1732 1733 1786 crassum
1756 1731 1921 1785 album
1943 1743 2095 1805 atque*

200 1808 424 1871 inflatum
438 1844 452 1869 ,
485 1807 568 1859 seu
589 1805 798 1859 bulbum
816 1844 830 1869 ,
866 1812 915 1859 in
946 1807 1107 1878 phoca
1138 1822 1186 1860 et
1204 1810 1387 1861 castore
1407 1812 1655 1862 annotavit
1678 1811 1823 1859 etiam
1844 1805 1907 1861 K
1903 1803 2095 1873 ulrum&⁴

199 1894 250 1932 et
266 1884 397 1949 prior
420 1879 507 1933 illo
528 1877 804 1933 Severz'wus
827 1884 878 1934 in
899 1882 1064 1935 Phoca
1087 1881 1299 1950 Neapoli
1334 1889 1423 1947 165
1442 1903 1484 1944 5.
1513 1900 1557 1951 p.
1577 1901 1635 1944 33
1672 1880 1784 1944 ubi,
1823 1895 1973 1942 aorta,
2013 1884 2097 1931 in-

199 1957 335 2025 quit,
368 1953 643 2007 solidiffima
657 1990 672 2016 ,
701 1958 752 2006 in
772 1957 936 2023 primo
958 1959 1091 2008 exitu
1111 1954 1309 2024 gibbola
1328 1954 1391 2010 fic
1412 1969 1464 2009 ut
1485 1954 1750 2009 utriculum
1769 1954 1968 2018 referat,
2002 1956 2092 2009 ovi

202 2026 454 2095 gallinacei
482 2027 840 2095 magnitudine.
1545 2027 1557 2037 ”

349 2158 497 2210 Haud
521 2158 624 2212 scio
654 2176 714 2210 an
746 2156 901 2210 finum
938 2158 1175 2212 venosum
1207 2159 1409 2230 piscium
1442 2161 1588 2212 etiam
1620 2176 1904 2228 comparare
1931 2157 2096 2220 lice-arf

200 2249 317 2283 cum
343 2250 489 2284 cavae
517 2250 670 2285 venae
701 2249 910 2298 magnae
937 2231 1039 2285 finu
1059 2252 1245 2301 magno
1267 2237 1316 2286 in
1343 2234 1529 2304 phoca,
1559 2233 1815 2303 phocaena
1835 2246 1882 2285 et
1904 2235 2096 2286 castore*

198 2304 454 2359 observato
476 2325 500 2358 a
523 2304 585 2359 K
583 2303 713 2358 ulmo
725 2323 749 2373 ;
785 2309 833 2357 in
857 2305 1017 2375 phoca
1038 2325 1191 2360 venae
1212 2322 1383 2378 portae
1404 2306 1558 2360 finum
1579 2311 1711 2377 prior
1731 2311 1979 2360 annotavit
1999 2303 2095 2360 Se-

200 2377 408 2433 verinus
432 2384 481 2432 in
504 2381 757 2433 Anatome
784 2379 974 2449 phocae
1006 2399 1051 2450 p.
1071 2399 1149 2442 32.
1226 2381 1447 2434 Eandem
1469 2379 1862 2434 observationem
1889 2384 1939 2432 in
1964 2381 2091 2451 pho-

200 2471 256 2505 ca
276 2458 572 2523 repetierunt
595 2448 981 2507 Schellhammer
1003 2469 1055 2507 et.
1069 2452 1266 2508 Momm
1277 2492 1293 2517 ,
1311 2453 1315 2455 ’
1334 2459 1384 2507 in
1415 2454 1537 2508 lutra
1560 2458 1744 2507 marina
1778 2452 1991 2523 Steller;
2039 2458 2090 2507 in

199 2529 354 2580 sorice
383 2526 639 2582 moschato
661 2542 807 2579 cavae
835 2526 992 2578 finum
1022 2547 1288 2595 magnum,
1329 2527 1593 2600 pluresque
1622 2533 1843 2582 minores
1874 2532 1922 2580 in
1942 2532 2089 2581 ramis

200 2619 347 2654 cavae
368 2605 620 2655 annotavit
641 2599 712 2654 Cl.
733 2597 911 2654 Pallas
932 2601 1154 2670 Spicileg.
1177 2606 1301 2654 XIII.
1334 2621 1379 2672 p.
1395 2621 1421 2654 2
1437 2621 1477 2664 3.
1553 2607 1782 2673 Denique
1803 2605 1855 2654 in
1880 2605 1985 2669 rajis
2010 2621 2090 2655 ca-

200 2694 288 2729 vae
312 2679 562 2746 utriusque
583 2673 747 2742 plures
766 2674 891 2727 finus
913 2680 1092 2744 reperit
1112 2674 1334 2736 Momm,
1375 2694 1500 2747 quos
1522 2693 1585 2729 eo
1608 2677 1813 2747 quidem
1841 2695 1865 2728 a
1892 2691 2089 2730 naturae

202 2749 462 2803 conditore
484 2748 686 2803 cor-filio
709 2749 902 2801 additos
928 2749 1021 2801 effe
1049 2764 1211 2818 putat,
1245 2764 1298 2802 ut
1314 2751 1530 2817 sanguis,
1571 2750 1691 2801 dum
1713 2753 1761 2802 in
1786 2749 2091 2820 profundum

200 2825 351 2893 pisces
372 2824 698 2885 descendunt,
734 2825 921 2888 majore
942 2824 1162 2892 pondere
1186 2842 1338 2895 aquae
1358 2823 1417 2876 ad
1442 2822 1697 2878 branchias
1716 2824 1935 2894 appulsae
1959 2824 2094 2893 pres-

200 2898 304 2958 suS,
340 2899 615 2950 redundare
640 2916 703 2950 eo
725 2911 871 2968 atque
897 2895 962 2949 ibi
986 2903 1168 2951 morari
1188 2899 1346 2967 pofflt.
1405 2896 1579 2949 Alium
1600 2912 1762 2950 tamen
1784 2903 1822 2951 is
1842 2914 2090 2968 praeterea

199 2972 339 3023 usum
363 2970 553 3023 finuum
575 2972 756 3024 horum
776 2972 1038 3041 suspicatur
1057 2991 1158 3025 non
1177 2973 1281 3025 satis
1303 2970 1464 3023 adhuc
1485 2970 1824 3039 exploratuim
1848 2977 2086 3043 quoniam

199 3048 251 3097 in
276 3044 388 3098 vafis
411 3044 575 3097 ladleis
600 3059 648 3097 et
668 3045 978 3113 lymphaticis
1000 3044 1174 3100 similes
1198 3050 1498 3114 reperiantur
1521 3044 1661 3098 finus.
1739 3049 1875 3099 Haec
1899 3050 1945 3099 in
1969 3050 2088 3112 raja-

193 3137 306 3174 rum
338 3138 520 3189 genere
545 3118 890 3174 animadvertit
919 3118 1143 3185 Momm,
1183 3125 1269 3194 qui
1295 3120 1421 3177 finus
1453 3118 1620 3176 venosi
1648 3122 1782 3187 juxta
1813 3120 2083 3174 auriculam

208 3212 211 3214 ’
2027 3213 2085 3248 in
