2571 3775
1065 381 1357 403 .-.-....
2066 381 2171 434 28,

232 505 408 557 cavitas
432 502 637 570 angusto
664 495 938 553 admodum
958 508 1091 566 patet
1109 491 1370 557 foramine,
1408 509 1457 549 et
1472 495 1654 568 quibus
1676 496 1803 553 adeo
1828 495 2172 552 membranam

234 577 660 644 branchiostegam
682 572 831 626 ullam
854 570 1012 625 adeffe
1034 569 1185 640 vulgo
1204 585 1395 638 negant.
1437 575 1514 624 Sic
1534 575 1583 624 in
1606 573 1917 626 teti-aodonte
1937 572 2174 625 Honcke-

234 657 302 706 nii
321 671 346 705 a
377 647 590 704 Blocln‘o
617 666 736 702 meo
759 645 1001 718 appellato
1034 645 1353 699 membranae
1387 650 1516 700 intus
1542 646 1734 699 abditae
1759 647 1921 699 radios
1946 651 2206 718 utrinque(

235 730 414 799 quinos
435 723 663 777 robustos
688 726 861 793 reperi,
897 719 980 774 etfi
1000 724 1188 774 amicus
1210 739 1352 774 meus
1373 721 1530 774 adeffe
1551 720 1894 773 membranam
1913 719 2176 774 branchio-
2186 721 2197 789 j

233 803 595 868 stegam⁴>negat.
687 803 741 852 In
770 796 952 850 eodem
983 800 1130 849 etiam
1159 795 1289 865 pisce
1326 795 1535 849 veficam
1556 796 1839 866 spongiolae
1859 810 2079 849 texturae
2101 798 2176 846 in·
2212 793 2217 799 ’

233 877 390 945 spexi,
434 891 529 944 qua
565 876 730 926 inflata
760 871 840 926 ille
870 870 1032 925 multo
1065 871 1298 939 grandior
1325 885 1548 942 apparet,
1601 888 1849 944 quamque
1879 870 1958 939 alii
1988 886 2178 922 temere
2219 913 2238 948 33

232 968 324 1021 pro
346 947 584 1020 pulmone
606 947 1035 1015 cartilagineorum
1059 945 1372 1018 quorundam
1402 946 1609 1016 piscium
1633 945 1935 1008 habuerunt,
1968 960 2021 997 ut
2043 942 2179 998 redle
2212 950 2237 1023 j}

152 1052 180 1063 -·
234 1026 485 1078 annotavit
506 1021 581 1078 Cl.
602 1019 910 1095 Brouffimet
932 1021 1121 1074 Differt.
1153 1020 1214 1073 de
1235 1018 1534 1091 Squalorum
1552 1037 1748 1088 genere.

385 1103 440 1151 In
460 1096 782 1165 anguilla110n
798 1093 1130 1164 magislicebit
1142 1094 1361 1157 afferere,
1386 1093 1730 1148 membranam
1749 1092 2179 1161 branchiostegam

233 1170 459 1227 foramen
484 1171 829 1225 branchiarum
851 1168 1145 1230 occludere3
1183 1173 1309 1222 cutis
1331 1173 1465 1222 enim
1497 1173 1721 1240 corporis
1754 1171 2037 1222 communis
2061 1167 2181 1220 huic

235 1265 415 1318 operae
449 1247 639 1300 sufficit.
726 1244 949 1298 Pluribus
979 1242 1222 1314 exemplis
1251 1244 1555 1314 supersedeo.
1642 1247 1851 1299 Certum
1888 1247 2035 1311 igitur
2056 1241 2180 1294 mihi

233 1322 427 1374 videtur
474 1335 620 1392 atque
667 1319 998 1372 indubitatum
1044 1318 1362 1371 membranae
1422 1320 1584 1372 radios
1631 1320 1791 1373 offeos
1840 1316 2181 1371 adminiculari
2217 1335 2252 1391 fg

235 1395 419 1469 ubique
447 1394 714 1466 opercu103
774 1409 922 1467 atque
953 1408 1212 1465 utramque
1249 1407 1440 1463 partem
1487 1392 1650 1447 iunfia
1688 1412 1838 1464 opera
1876 1393 2179 1463 respirationi
2211 1396 2247 1456 12

234 1472 441 1542 piscium
472 1472 698 1523 inservire
727 1484 874 1542 atque
907 1472 1153 1524 costarum
1185 1486 1392 1523 munere
1412 1466 1578 1538 fungi,
1618 1469 1754 1542 quod
1774 1471 1873 1536 jam
1894 1467 2020 1521 olim
2048 1463 2183 1519 reike
2205 1460 2240 1557 [l

235 1545 355 1598 vidit
377 1541 688 1615 Aristoteles.

383 1625 436 1671 In
467 1618 675 1689 piscibus
708 1618 1028 1688 cartilagineis
1063 1636 1189 1690 quae
1219 1622 1339 1689 pars‘
1365 1616 1585 1689 operculi
1598 1620 1738 1672 ‘vices
1769 1630 1932 1685 gerat,
1967 1615 2073 1668 satis
2097 1632 2188 1666 exo

236 1693 406 1765 plicuit
429 1694 565 1746 idem
579 1693 927 1764 philosophus,
951 1693 1162 1762 hiigitur
1174 1697 1324 1746 etiam
1345 1691 1633 1746 membrana
1655 1707 1703 1746 et
1713 1693 1858 1745 radiis
1869 1703 2049 1748 carent,
2084 1687 2180 1741 Sed

234 1773 285 1822 in
311 1767 506 1839 reliquis
530 1772 614 1821 vix
632 1782 758 1837 puto
791 1783 1014 1820 naturam
1037 1767 1263 1836 operculi
1293 1765 1542 1820 desedium
1571 1765 1723 1830 ferre,
1758 1765 1840 1820 etfi
1858 1763 2180 1819 membranae

235 1843 355 1896 radii
366 1842 524 1897 modo
534 1841 718 1912 plures,
735 1843 984 1895 interdum
1000 1845 1141 1912 pauci
1153 1842 1348 1902 adsunt,
1361 1844 1521 1911 potest
1533 1846 1679 1895 etiam
1694 1842 1820 1903 fieri,
1843 1854 1896 1893 ut
1910 1844 1958 1893 in
1970 1837 2181 1911 quibus·
2225 1864 2229 1871 1

242 1918 357 1970 dam
382 1916 645 1984 generibus
665 1916 809 1986 plane
830 1916 950 1971 defit
968 1915 1258 1969 mem-brana
1281 1935 1398 1968 cum
1411 1917 1576 1979 radiis,
1601 1915 1683 1969 etfi
1701 1914 1982 1987 infpluribus
1997 1914 2181 1966 hucus-

238 2010 333 2066 que
355 1990 563 2061 piscibus
585 1990 878 2059 negligentia
897 1994 1063 2061 potius
1084 1991 1378 2061 scriptorum
1395 2009 1542 2063 quam
1564 2010 1590 2044 a
1612 2005 1779 2044 natura
1799 1990 2024 2044 omissam
2039 2001 2181 2058 puto.
2196 1988 2203 2018 ¹

349 2067 573 2135 Superest
595 2069 764 2134 igitur,
810 2080 864 2118 ut
884 2069 933 2118 in
954 2067 1207 2136 posterum
1232 2069 1505 2120 accuratius
1526 2070 1773 2137 inquirant
1793 2068 1881 2118 viri
1902 2062 2053 2125 clodii,
2075 2080 2185 2133 quo·

239 2142 530 2193 necessitatis
556 2141 765 2212 ususque
788 2144 948 2192 mutui
977 2139 1178 2194 vinculo
1196 2138 1421 2207 jundium
1438 2140 1492 2193 fit
1513 2140 1804 2210 operculum
1824 2152 1872 2192 et
1894 2136 2183 2192 membrana

240 2215 362 2269 hacc
384 2214 512 2267 male
541 2233 567 2267 a
587 2215 816 2282 tegendis*
829 2213 1073 2268 branchiis
1092 2213 1465 2282 branchiostega
1495 2213 1620 2267 dicia
1655 2235 1771 2268 cum
1793 2212 1899 2285 ipfis
1918 2212 2186 2275 branchiiS,

239 2308 410 2343 earum
431 2308 644 2343 numero
668 2303 716 2341 et
738 2286 896 2342 forma
911 2327 924 2350 ,
966 2309 1082 2343 cum
1104 2292 1318 2343 cavitatis
1340 2288 1632 2342 branchialis
1658 2288 1979 2360 amplitudine
2003 2301 2051 2341 et
2072 2286 2188 2339 reli-

241 2369 351 2436 quis
383 2363 597 2436 denique
627 2367 954 2431 argumentis,
987 2362 1170 2436 quibus
1203 2364 1453 2433 respiratio
1477 2365 1681 2434 piscium
1708 2365 1943 2417 censetur.
2017 2366 2183 2430 Digna

241 2443 388 2492 etiam
422 2439 491 2491 est
522 2436 699 2491 fabrica
723 2447 772 2490 et
791 2437 1013 2505 jundiura
1042 2437 1290 2509 operculi,
1326 2453 1375 2491 et
1396 2439 1649 2493 radiorum
1671 2459 1785 2492 cum
1809 2438 1908 2493 offe
1930 2437 2111 2504 hyoide
2136 2448 2190 2490 et

170 2513 172 2515 ’
240 2512 475 2574 maxillis,
510 2530 636 2584 quae
660 2511 904 2578 luculenta
927 2512 1118 2582 pidiura'
1142 2516 1190 2565 in
1219 2512 1440 2582 pluribus
1463 2515 1673 2585 piscium
1698 2512 1960 2583 generibus
1982 2511 2189 2565 illustre-

241 2602 334 2640 tur.
408 2586 549 2640 Plura
575 2586 832 2657 de²capitis
861 2585 1046 2642 offibus
1076 2587 1264 2640 tradam
1288 2591 1337 2641 in
1355 2588 1454 2642 fine
1474 2592 1886 2660 interpretationis
1909 2586 2189 2642 tabularum

239 2666 290 2716 in
313 2679 422 2715 aere
444 2661 818 2732 expressarum.)

390 2741 690 2806 Sanguinem
711 2756 772 2790 ex
792 2735 1391 2790 branchiis'transeuntem
1417 2737 1790 2806 excipiuntvasa
1812 2738 2053 2806 gradatim
2078 2755 2188 2792 am-

241 2809 392 2881 pliora
407 2849 421 2873 ,
460 2827 508 2864 et
529 2815 651 2864 texti
680 2815 848 2864 minus
872 2812 1010 2865 craffi
1029 2829 1178 2883 quam
1210 2814 1380 2864 arteria
1401 2809 1714 2874 branchialis,
1753 2830 1877 2882 quae
1900 2813 2043 2883 plane
2065 2830 2185 2864 cum

242 2888 381 2938 venis
401 2884 772 2954 pulmonaribus
801 2886 1022 2939 hominis
1043 2885 1428 2957 animaliumque
1452 2899 1618 2938 natura
1639 2888 1717 2938 sua
1735 2892 2047 2941 coziveniunt.
2087 2891 2186 2939 Ve-

241 2978 355 3012 rum
376 2963 426 3011 in
446 2977 511 3013 eo
529 2960 791 3023 differunt,
825 2960 961 3032 quod
987 2961 1270 3028 stinguinem
1301 2958 1562 3013 advec‘ium
1588 2961 1863 3015 ventricuio
1894 2961 2056 3016 cordis
2079 2969 2182 3014 'non

240 3032 531 3096 infundunt,
586 3034 666 3086 sed
696 3040 862 3104 potius
891 3039 940 3088 in
969 3054 1052 3088 vas
1085 3034 1285 3108 aliquod
1319 3052 1557 3103 magnum
1594 3050 1810 3097 coeunt,
1863 3030 2000 3109 quod
2026 3035 2182 3104 vulgo

238 3124 406 3162 aortae
435 3109 769 3162 descendentis
804 3114 1009 3162 nomine
1047 3125 1272 3163 notatum
1306 3109 1467 3162 solum
1506 3124 1671 3164 aortae
1718 3129 1907 3164 nomen
1945 3127 2185 3174 meretur,

233 3202 353 3240 cum
374 3183 674 3240 adscendens
691 3200 827 3258 aorta
845 3183 960 3242 adfit
979 3184 1124 3239 nulla.
1201 3189 1338 3236 Haec
1368 3184 1547 3240 deinde
1576 3185 1865 3254 sanguinem
1896 3205 1985 3258 per
2017 3200 2182 3239 totum

1220 3263 1313 3317 Nn
1357 3278 1386 3326 3
1994 3279 2177 3332 corpus

2238 1211 2259 1300 ‘l

2256 1846 2286 1870 Ρ
