2571 3775
309 472 372 512 ne
399 456 689 529 prendono‚
726 473 806 510 ma
824 457 868 511 'o
897 452 1177 525 groffiffimi
1205 478 1238 513 o
1265 457 1497 530 porcelle.
1572 461 1652 513 Ha
1683 458 1996 530 grandiffima
2025 458 2181 515 bocca
2202 465 2258 515 in

308 535 670 605 proporzione‚
711 550 857 584 carne
881 530 1080 593 biattca,
1119 534 1287 587 floscia
1312 547 1361 586 et
1389 534 1539 588 filosa'.
2180 583 2182 585 ,

459 605 493 658 Il
517 605 710 675 Copese
748 625 776 657 e
813 604 937 658 della
970 606 1101 659 steffa
1136 608 1363 660 struttura
1394 622 1443 661 et
1469 605 1653 662 fatezze
1682 627 1764 662 ma
1794 610 1968 682 questo
1992 606 2087 663 edi
2117 606 2260 661 color

313 678 460 749 giallo
485 681 704 733 scurotto
728 680 778 731 di
802 681 970 749 sopra,
1010 680 1062 732 di
1090 681 1210 734 sotta
1242 680 1391 749 giallo
1421 683 1606 737 chiaro.
1682 686 1873 752 Qiesto
1894 698 2064 737 monta
2088 681 2167 735 nel
2188 684 2260 736 Po

316 773 341 807 a
366 773 539 807 mezzo
573 753 744 823 Aprile
775 771 802 805 e
831 757 878 806 vi
909 755 972 806 sta
1004 768 1132 808 tutto
1165 754 1406 817 Ottobre3
1443 755 1484 809 la
1516 757 1597 810 sua
1631 758 1900 825 grandezza
1929 761 2084 811 arriva
2109 775 2135 810 a
2162 756 2262 809 due

317 827 414 899 pefi
438 847 465 881 e
486 845 661 881 mezzo
688 845 714 879 e
742 826 840 890 tre',
878 845 958 879 ma
995 828 1120 881 sono
1152 832 1243 881 rari
1271 829 1322 881 di
1343 830 1403 882 tal
1425 830 1560 884 mole
1596 832 1688 885 che
1713 830 1743 884 fi
1776 832 1966 901 piglino
2003 861 2070 872 —-
2106 830 2148 885 la
2178 831 2264 888 sua

319 920 464 956 carne
503 901 703 973 quando
741 920 770 955 e
807 901 963 969 graffo
1009 903 1158 956 riesce
1204 902 1376 968 dolce,
1446 904 1571 958 nella
1618 905 1743 961 coda
1785 905 1813 959 ὲ
1848 906 2125 963 similiffima
2164 904 2264 959 allo

321 977 551 1030 sturione.
2157 1031 2159 1033 ,

469 1056 543 1103 Ex
578 1050 653 1103 his
682 1047 822 1103 facile
851 1049 1146 1119 distinguere
1175 1050 1360 1104 licebit
1371 1070 1551 1120 genera
1582 1054 1685 1108 duo
1711 1059 1901 1126 priora3
1943 1053 2030 1108 sed
2052 1058 2268 1120 tertium,

322 1123 739 1191 Ichthyocollam‚
788 1128 917 1177 notis
951 1124 1216 1179 manifestis
1243 1127 1458 1196 separare
1479 1146 1504 1180 a
1525 1128 1722 1202 reliquis
1753 1128 1925 1183 audior
1945 1148 2045 1182 non
2069 1132 2270 1181 curavit.

324 1202 468 1252 Forte
490 1213 655 1252 tamen
673 1198 755 1250 hic
775 1199 871 1269 ipse
895 1198 1035 1252 locus
1062 1199 1206 1253 Italos
1227 1200 1557 1256 aemulatione
1578 1218 1764 1275 punget
1784 1202 2039 1267 laudabili,
2078 1218 2272 1275 nosque

327 1273 421 1327 hac
442 1273 670 1327 diuturna
693 1272 998 1327 dubitatione
1019 1278 1206 1327 eximet
1225 1275 1442 1328 tandem.

1030 1397 1117 1452 Ad
1142 1416 1190 1469 p.
1221 1417 1337 1463 141.
1365 1398 1487 1453 linea
1526 1418 1569 1452 1.

476 1490 794 1562 Appendices
815 1495 1029 1546 marium
1049 1492 1335 1565 squalorum
1356 1509 1403 1548 et
1432 1498 1642 1562 rajarum
1665 1491 1962 1566 Aristoteles
1980 1491 2272 1564 genitalibus

329 1563 466 1619 nullo
499 1565 657 1619 modo
685 1570 997 1638 aequiparare
1021 1568 1206 1629 voluit;
1243 1569 1382 1641 quod
1413 1584 1463 1622 et
1490 1570 1635 1623 huius
1667 1568 1768 1622 loci
1798 1569 1948 1624 dic'tio
1971 1572 2078 1623 satis
2102 1568 2270 1630 docet,

332 1638 494 1692 multo
521 1657 642 1693 vero
663 1640 883 1694 disertius
904 1640 1043 1695 locus
1062 1642 1123 1695 de
1148 1646 1382 1697 Generat.
1405 1648 1436 1695 1.
1463 1664 1474 1695 ι
1496 1663 1536 1708 3.
1559 1643 1643 1696 ubi
1663 1643 1885 1697 animalia
1914 1663 1996 1707 ea,
2027 1661 2151 1715 quae
2179 1660 2275 1696 ova

331 1717 460 1766 intus
483 1729 721 1784 concepta
744 1714 1014 1769 excludunt
1033 1721 1273 1788 vivosque
1292 1720 1452 1772 foetus
1475 1718 1654 1781 edunt,
1688 1719 1905 1770 mediam
1928 1723 2050 1771 uteri
2073 1716 2275 1788 pofitio-

334 1806 452 1841 nem
470 1792 594 1841 inter
616 1789 838 1842 animalia
868 1794 1084 1860 vivipara
1106 1805 1155 1842 et
1176 1795 1372 1861 ovipara
1395 1810 1566 1859 gerere
1595 1796 1675 1845 ait.
1742 1794 1995 1845 ³Ovarium
2016 1796 2149 1844 enim
2166 1792 2277 1861 post
2359 1807 2363 1813 ’

337 1861 650 1932 diaphragma
663 1862 723 1914 ad
745 1861 944 1916 lumbos
960 1878 1231 1934 etpronam
1251 1869 1475 1936 corporis
1494 1880 1683 1935 partem
1703 1866 1919 1919 adfixam
1938 1866 2166 1926 haerere3
2199 1883 2276 1917 re-

336 1934 523 2007 liquam
543 1953 664 1989 vero
686 1941 808 1988 uteri
830 1951 1020 2007 partem
1050 1942 1099 1990 in
1129 1938 1293 2009 supina
1319 1954 1454 2010 parte
1479 1931 1614 1992 fitam
1641 1939 1763 2003 effe,
1801 1939 2030 1993 videlicet
2049 1944 2097 1992 in
2122 1938 2278 1992 abdo-

334 2014 498 2071 mine,
531 2009 614 2062 ubi
635 2013 734 2063 vivi
753 2010 915 2065 foetus
940 2011 1274 2066 excludantur.
1347 2011 1534 2067 Vulvae
1569 2027 1736 2067 cetero
1769 2018 2026 2071 introitum
2059 2014 2278 2067 eundem

336 2083 430 2136 esse
454 2097 501 2136 et
524 2088 614 2137 ani.
691 2084 825 2138 Nulli
848 2090 983 2139 enim
1004 2105 1067 2139 ex
1098 2086 1198 2140 hoc
1227 2087 1514 2141 animalium
1539 2106 1718 2156 genere
1738 2088 1946 2157 genitale
1965 2088 2279 2159 propendere

335 2157 572 2221 liberum,
617 2172 670 2211 ut
692 2163 932 2229 viviparis.
1010 2164 1246 2217 Ceterum
1271 2167 1415 2215 etiam
1437 2161 1537 2216 hoc
1559 2159 1854 2232 Aristotelis
1877 2177 1927 2216 et
1942 2166 2280 2217 recentiorum

336 2233 628 2302 scriptorum
657 2236 995 2288 testimonium
1026 2250 1197 2289 contra
1228 2232 1580 2290 Lorewzinum
1613 2237 1812 2299 militat,
1870 2241 1954 2309 qui
1984 2237 2279 2307 appendices

338 2309 447 2361 istas
468 2305 682 2360 maribus
708 2323 757 2361 et
776 2306 974 2362 feminis
991 2313 1199 2376 raiarum
1212 2328 1505 2363 communes
1525 2310 1617 2363 effe
1638 2311 1927 2380 persuadere
1948 2311 2091 2365 nobis
2111 2310 2279 2365 voluit.

487 2386 541 2434 In
557 2381 765 2451 piscibus
789 2381 1106 2450 cartilagineis
1126 2384 1238 2437 bina
1259 2384 1493 2437 duntaxat
1513 2404 1604 2438 ova
1624 2384 1764 2438 fimul
1782 2389 1961 2438 mutari
1982 2398 2030 2439 et
2049 2390 2279 2456 utrinque

341 2472 368 2507 a
391 2455 567 2508 dextro
587 2469 634 2508 et
656 2454 840 2509 sinistro
862 2475 1017 2510 cornu
1038 2458 1375 2511 descendentia
1398 2463 1448 2511 in
1468 2472 1609 2512 utero
1640 2457 1870 2513 inferiore
1899 2457 2074 2523 foveri,
2113 2459 2283 2514 exclu-

343 2528 491 2600 dique
513 2527 675 2583 foetus
695 2529 880 2592 vitale3‚
902 2534 954 2583 in
977 2537 1146 2586 ovario
1168 2546 1336 2586 tamen
1355 2535 1603 2586 infinitum
1628 2552 1754 2606 pene
1774 2553 1989 2588 ovorum
2012 2553 2279 2588 numerum

343 2603 656 2674 diversaeque
702 2606 1055 2672 magnitudinis
1110 2610 1310 2677 reperiri
1357 2612 1607 2661 annotavit
1662 2605 1876 2681 Harvey
1924 2608 1987 2662 de
2046 2613 2279 2662 Generat.

341 2677 557 2729 Animal.
583 2696 628 2747 p.
651 2695 699 2741 7.
775 2678 915 2731 Idem
930 2679 1121 2734 ‘ibidem
1141 2685 1189 2733 in
1215 2680 1507 2735 columbino
1529 2700 1711 2750 genere
1732 2682 1845 2735 bina
1869 2682 2029 2737 solum
2050 2702 2144 2737 ova
2167 2701 2277 2736 cae-

343 2754 461 2804 teris
489 2750 638 2819 longe
658 2754 843 2818 maiora
866 2758 1032 2807 etiam
1053 2755 1114 2807 ad
1153 2755 1439 2808 descensum
1467 2760 1516 2809 in
1542 2754 1837 2810 ovidudtum
1859 2771 2017 2826 parata
2036 2794 2050 2820 ‚
2091 2756 2277 2830 reliqua

341 2830 507 2878 omnia
530 2829 578 2877 in
597 2829 767 2879 ovario
790 2831 1018 2896 congesta
1042 2847 1136 2883 ova
1158 2830 1444 2884 uniusmodi
1467 2831 1561 2884 effe
1585 2831 1935 2899 magnitudinis
1959 2837 2222 2886 annotavit.

488 2903 716 2966 Rajarum
751 2900 1002 2956 historiam
1023 2902 1299 2957 litterariam
1323 2918 1372 2957 et
1391 2903 1660 2958 naturalem
1690 2923 1753 2957 ex
1775 2905 2094 2974 scriptoribus
2119 2905 2280 2960 novis-'-

338 2971 468 3026 fimis
492 2987 775 3028 contextam
794 2980 911 3028 auxi
934 2981 1104 3031 notitia
1128 2979 1698 3049 novarumssquarundam
1720 2980 2016 3049 specierum,
2054 2978 2280 3045 adjuncta

340 3050 484 3099 ctiam
528 3052 679 3100 cranii
719 3067 781 3101 ex
822 3053 917 3114 raia
956 3052 1293 3122 vespertilione
1326 3047 1651 3120 (Mobulczr)
1679 3050 1776 3109 Du
1808 3050 1993 3109 Hamel
2015 3049 2201 3128 piciura
2228 3058 2281 3109 in

337 3122 651 3178 Promtuario
669 3122 894 3195 Lipfienfi
918 3129 1030 3180 anni
1052 3137 1205 3194 1788.
1229 3144 1274 3198 p.
1298 3144 1363 3197 73
1392 3157 1463 3167 —
1484 3144 1571 3195 90.

2195 3199 2284 3255 Ad
