2571 3775
457 375 573 427 ,214
1269 373 1561 407 Q

502 550 602 602 DE
652 546 913 607 CORDE,
970 542 1325 597 BRANCHIIS
1373 544 1469 595 ET
1509 543 2002 601 'RESPIRATIONE
2051 543 2322 600 PISCIUM

635 640 1191 697 OBSERVATIONES
1236 640 1683 694 ARISTOTELIS
1726 646 1820 694 ET
1860 648 1903 696 V
1906 642 2196 695 ETERUM

659 741 668 745 ”
950 734 1403 793 ,ΞΟΒΙΡΤΟΒΠΜ
1437 736 1874 791 COLLECTAE.

469 864 790 974 &uoniam
829 858 1128 931 saepiuscule
1165 856 1462 930 Aristotelis
1493 861 1664 919 locum
1695 863 1758 916 de
1799 861 1985 915 diversa
2012 860 2359 916 branchiarum

621 934 879 997 strufflitra,
912 932 1071 988 forma
1100 946 1150 986 et
1180 951 1392 988 numero
1426 934 1621 990 laudare
1649 946 1731 991 res'
1759 936 1950 1005 coegit,
1978 955 2069 989 nec
2100 937 2358 1008 hucusque

468 1009 816 1064 branchiar-um
844 1012 1049 1063 varietas
1070 1011 1235 1062 omnis
1257 1012 1348 1062 rite
1362 1009 1608 1080 explicata
1633 1014 1701 1065 est
1722 1016 1771 1065 in
1797 1011 2024 1064 universo
2042 1010 2250 1080 piscium
2274 1029 2359 1077 ge-

469 1104 614 1148 nere,
651 1086 807 1138 visum
839 1086 905 1137 est
935 1083 1015 1136 hie
1050 1082 1264 1136 breviter
1293 1083 1634 1153 subjungere‚'
1664 1103 1994 1158 quaecunque
2023 1082 2362 1154 philosophiae

471 1159 698 1219 naturalis
722 1163 945 1229 princeps
967 1158 1029 1210 de
1050 1157 1221 1221 corde,
1254 1156 1499 1213 branchiis
1527 1175 1575 1213 et
1599 1162 1918 1235 respiratione
1948 1160 2160 1228 piscium
2182 1159 2360 1229 posuit.

467 1237 659 1289 Primus
680 1234 818 1288 locus
845 1235 911 1287 est
930 1237 981 1285 in
1002 1235 1213 1286 Historia
1235 1232 1546 1287 Animalium
1566 1240 1619 1287 Π.
1651 1255 1728 1298 17.
1777 1238 1908 1295 Cor,
1947 1237 2141 1305 inquit,
2181 1237 2230 1285 in
2255 1250 2361 1285 me—

468 1308 551 1363 dio
574 1308 772 1381 pefiore
793 1307 934 1363 fitum
957 1306 1248 1369 animalibus
1270 1306 1466 1380 reliquis
1487 1324 1680 1379 praeter
1698 1309 1978 1372 hominem,
2002 1312 2052 1360 in
2071 1326 2174 1380 quo
2195 1306 2361 1361 laevae

467 1389 592 1454 parti
622 1388 777 1453 magis
806 1382 1124 1436 commissum
1148 1383 1227 1435 est.
1304 1383 1556 1437 Omnibus
1582 1404 1759 1438 mucro
1783 1388 1835 1437 in
1855 1377 2154 1438 anteriorem
2173 1395 2361 1452 partem

470 1463 653 1526 vergit3
701 1458 838 1530 quod
858 1461 907 1510 in
930 1456 1138 1527 piscibus
1169 1471 1340 1510 contra
1362 1458 1455 1511 effe
1483 1459 1642 1512 videri
1665 1461 1840 1528 potest.
1915 1462 1981 1510 Hi
2001 1460 2135 1511 enim
2160 1474 2363 1509 mucro-

471 1551 589 1585 nem
621 1552 722 1586 non
745 1532 805 1584 ad
825 1529 994 1602 peditis
1017 1531 1099 1584 sed
1122 1531 1185 1584 ad
1205 1546 1353 1602 caput
1372 1546 1422 1585 et
1449 1552 1507 1587 os
1537 1532 1835 1604 spediantem
1859 1531 2051 1585 habent.
2130 1535 2361 1582 Extrema

472 1625 580 1679 pars
613 1621 719 1678 apta
751 1607 817 1660 est
846 1624 909 1659 eo
942 1609 993 1658 in
1022 1605 1163 1669 loco,
1216 1606 1303 1659 ubi
1328 1605 1589 1660 branchiae
1624 1607 1824 1660 dextrae
1849 1625 1906 1659 ac
1935 1605 2142 1660 sinistrae
2163 1609 2287 1658 inter
2318 1604 2367 1658 se

474 1696 672 1734 coeunt.
748 1685 998 1734 Praeterea
1020 1680 1098 1735 alii
1125 1684 1273 1734 etiam
1295 1680 1486 1736 canales
1518 1682 1581 1735 de
1608 1682 1761 1736 corde
1790 1686 1841 1734 in
1871 1679 2128 1733 branchias
2155 1676 2362 1746 singulas

471 1755 708 1817 tendunt,
770 1758 821 1807 in
850 1754 1119 1821 maioribus
1146 1754 1354 1825 piscibus
1390 1760 1627 1822 majores,
1704 1760 1756 1808 in
1799 1754 2076 1808 minoribus
2125 1757 2362 1806 minores.

472 1829 659 1884 Tubus
678 1829 760 1881 seu
784 1827 938 1882 fistula
964 1824 1181 1898 (οἷυλός)
1203 1833 1286 1901 qui
1312 1829 1374 1881 de
1394 1830 1591 1882 summo
1608 1829 1764 1882 corde
1789 1832 1913 1890 exit,
1941 1833 1988 1881 in
2012 1831 2202 1895 magnis
2227 1827 2364 1897 pisci-

474 1903 569 1958 bus
601 1903 743 1956 valde
776 1903 953 1957 craffus
983 1917 1032 1957 et
1065 1902 1201 1956 albus
1233 1917 1443 1974 apparet.
1519 1905 1766 1957 Postrema
1788 1902 1934 1956 verba
1958 1900 2131 1956 Gallus
2162 1898 2364 1962 Carnus,

475 1977 696 2032 verfione
721 1976 903 2038 Gazae
924 1977 1177 2048 deceptus,
1200 1981 1265 2030 ita
1283 1981 1650 2048 interpretatur:
1687 1974 1778 2050 qui
1800 1975 1866 2030 du
1892 1994 2042 2030 coeli-r
2059 1970 2363 2029 vomciclza-

474 2067 572 2124 que
597 2049 720 2106 lame
740 2048 824 2106 des
846 2049 1010 2114 oum,
1043 2059 1092 2105 et
1109 2048 1202 2123 qui
1206 2049 1335 2123 sont
1346 2047 1469 2123 plus
1489 2068 1554 2105 ou
1577 2050 1738 2106 moins
1757 2049 1949 2121 forts‘d
1966 2046 2284 2123 proportion
2305 2045 2366 2102 de

478 2124 529 2180 la
561 2123 697 2180 lame.
772 2123 848 2180 Le
872 2122 1020 2181 c-mzal
1042 2124 1134 2197 qui
1161 2141 1226 2179 va
1267 2123 1335 2180 du
1351 2123 1567 2197 sommet
1588 2124 1656 2179 du
1691 2143 1841 2180 eoem
1860 2143 1970 2179 aux
1988 2122 2136 2178 sames
2157 2120 2226 2177 les
2236 2119 2366 2195 plus

469 2198 702 2270 grandes
733 2199 796 2270 est
820 2196 961 2254 blanc
982 2198 1162 2271 etfort
1184 2196 1339 2271 epais.
1437 2203 1614 2272 Neque
1650 2204 1784 2254 enim
1816 2201 1896 2254 hic
1929 2199 1990 2251 de
2018 2197 2362 2251 branchiarmn

476 2275 558 2327 sed
581 2274 643 2326 de
663 2275 868 2343 piscium
895 2275 1112 2344 ipsorum
1144 2273 1482 2340 magnitudine
1503 2276 1663 2327 sermo
1688 2276 1767 2326 est.
1857 2271 2009 2326 Reste
2030 2277 2093 2325 ita
2115 2266 2364 2324 Albertus

477 2367 540 2400 ex
560 2348 777 2401 versione
798 2345 942 2402 Scotz'
963 2366 1009 2416 p.
1023 2365 1107 2410 40.
1130 2346 1176 2398 b.
1210 2365 1317 2416 pars
1332 2348 1494 2400 cordis
1506 2361 1645 2412 acuta
1658 2349 1724 2400 est
1735 2347 1954 2417 pendens
1966 2347 2129 2399 versus
2150 2346 2364 2415 saperius

475 2422 541 2476 ad.
556 2436 747 2491 partem
770 2425 963 2491 capitis,
988 2420 1071 2473 ubi
1091 2423 1158 2473 est
1178 2419 1716 2477 motus'branchor-um:
1756 2426 1805 2473 in
1817 2419 2024 2491 piscibus
2039 2424 2172 2472 enim
2184 2433 2364 2473 exeunt

477 2496 722 2567 quaedam
749 2499 855 2548 viae
874 2509 922 2548 et
939 2493 1180 2549 arteriaies
1203 2512 1229 2547 a
1249 2494 1400 2548 corde
1425 2495 1486 2548 ad
1520 2495 1848 2551 branchos‘ita
1869 2495 2005 2567 quod
2030 2494 2362 2547 extenduntur

476 2571 543 2623 ac}
566 2584 831 2640 utrumque
851 2568 1205 2623 branchorum:
1243 2582 1293 2621 et
1312 2567 1421 2621 illae
1444 2573 1549 2622 viae
1574 2573 1624 2622 in
1648 2573 1875 2622 maximis
1895 2568 2103 2639 piscibus
2133 2569 2241 2621 sunt
2260 2585 2365 2620 ma·-

481 2641 676 2697 nifestae
701 2657 748 2696 et
767 2644 872 2695 sunt
897 2661 1103 2710 magnae
1117 2640 1310 2695 etalbae
1324 2644 1546 2695 extensae
1570 2647 1696 2696 inter
1723 2642 1968 2697 branchos
1998 2658 2047 2696 et
2072 2662 2174 2705 cor,
2195 2657 2243 2695 et
2257 2643 2364 2694 sunt

476 2722 531 2772 in
553 2718 636 2769 usu
668 2721 952 2770 arteriarum
977 2734 1159 2768 cannae
1189 2715 1436 2778 micheae,
1465 2720 1577 2787 quia
1598 2736 1684 2787 per
1702 2736 1785 2770 eas
1807 2718 1862 2769 fit
1883 2711 2365 2785 refrigerium'cordi‚

482 2811 584 2845 non
606 2791 808 2862 quidem
828 2809 914 2859 per
940 2808 1116 2861 aquam
1142 2790 1292 2859 usque
1311 2790 1372 2841 ad
1397 2809 1484 2843 cor
1508 2795 1844 2859 pertingente,
1890 2791 1971 2843 sed
2001 2808 2088 2859 per
2117 2789 2363 2843 alteratio-

482 2884 601 2918 nem
621 2883 646 2917 a
665 2863 922 2931 frigiditate
943 2882 1097 2935 aquae
1115 2860 1292 2915 fadiam
1313 2863 1374 2914 ad
1399 2864 1613 2932 spiritum
1641 2869 1727 2936 q-ui
1759 2866 1826 2918 est
1854 2868 1904 2916 in
1932 2868 2020 2917 viis
2052 2863 2156 2917 iilis.
2234 2862 2363 2916 Tale

482 2944 617 2992 enim
638 2954 687 2992 et
706 2937 947 2991 tantiiium
967 2934 1272 3006 refrigerium
1299 2937 1475 2990 sufficit
1513 2957 1616 2993 non
1641 2937 1930 3009 spirantibus
1961 2953 2011 2991 et
2040 2936 2229 3006 frigidis
2261 2941 2363 2990 ani—

481 3011 704 3065 malibus.

635 3087 776 3138 Alter
803 3083 943 3137 locus
967 3085 1034 3136 est
1067 3082 1128 3136 de
1158 3083 1470 3152 respiratione
1500 3102 1603 3153 cap.
1633 3089 1713 3135 16.
1796 3088 1941 3153 Qiae
1963 3103 2050 3136 cor
2069 3084 2251 3136 habent
2280 3082 2364 3134 sed

486 3157 724 3228 pulmone
747 3172 937 3221 carent5
974 3160 1044 3219 uti
1069 3157 1248 3228 pisces,
1295 3160 1411 3231 quia
1436 3160 1488 3212 in
1515 3160 1655 3231 aquis
1680 3160 1875 3223 vivunt,
1921 3176 2046 3230 aqua
2080 3158 2364 3284 sanguin}m

2231 3248 2283 3282 re
2306 3248 2367 3284 ri-
