2571 3775
999 324 1290 342 ··-··-··
1982 310 2015 357 2'1
2033 321 2052 357 x
2062 309 2098 371 φ

213 442 454 515 speciem,
507 457 654 515 quam
683 440 732 491 in
760 431 1007 490 Belomns
1034 438 1215 504 reperit
1232 433 1483 506 vulgoque
1507 429 1927 511 φλασχόψαρον,
1965 431 2098 507 quafi

216 519 490 587 lagenam‚-
531 511 761 583 appellari
804 512 1082 571 annotavit,
1153 523 1354 579 propter
1399 511 1625 578 corporis
1668 512 1820 560 inflati
1870 508 2097 561 formam.

213 592 443 654 Eundem
474 583 715 654 descripsit
744 579 1046 655 Haſjblquist
1075 585 1240 635 Itiner.¹
1278 602 1327 652 p.
1349 601 1473 647 441,
1522 596 1572 635 et
1600 577 1830 652 For-skal
1860 583 2099 651 Descript.

214 661 430 727 Animal.
475 680 523 731 p.
546 656 641 725 ⁴76.
695 661 780 730 qui
821 662 873 710 in
911 655 1048 725 globi
1077 655 1293 712 formam
1325 675 1414 728 per
1449 675 1507 711 os
1542 658 1771 709 inflatum
1799 654 2007 707 distendi
2036 657 2103 708 ait

210 740 410 812 piscem.

270 811 294 816 ⁴*
362 812 592 878 Denique
614 806 713 859 huc
734 809 879 859 etiam
902 808 1148 874 pertinere
1170 805 1362 858 videtur
1382 804 1534 857 Indici
1557 804 1748 857 Oceani
1767 800 2112 873 lepu5,·qt1em

213 883 443 940 describit
466 878 711 936 Aelianus
732 885 857 932 XVI.
875 898 982 949 cap.
1016 899 1092 945 19,
1167 883 1350 949 Lepori
1370 880 1574 931 terrestri
1609 877 1752 946 plane
1780 875 1945 929 fimilis
1977 877 2103 928 dici-

211 975 292 1014 tur
312 959 432 1022 esse,
466 970 656 1027 praeter
678 954 816 1026 pilos.
900 953 1066 1007 Habet
1083 957 1217 1006 enim
1234 955 1387 1023 spinas
1411 971 1509 1022 pro
1523 951 1660 1021 pilis,
1707 949 1862 1004 rectas
1894 964 2102 1020 et-pun-

209 1048 399 1105 gentes,
475 1030 620 1086 Celer
639 1044 804 1082 natatu
827 1043 992 1083 tamen
1012 1032 1065 1081 in
1088 1028 1275 1082 sumina
1295 1028 1484 1096 semper
1512 1043 1637 1097 aqua
1665 1043 1831 1077 meare
1862 1039 2102 1087 narratur,

212 1128 307 1163 nec
343 1124 564 1179 unquam
597 1109 687 1158 reti
715 1105 928 1158 hamove
954 1107 1079 1173 caph
1191 1103 1328 1157 Cum
1345 1113 1579 1168 aegrotus
1595 1102 1716 1163 mari
1737 1101 1957 1165 ejicitur,
1991 1102 2112 1168 qui--

211 1201 411 1254 cunque
441 1200 559 1233 eum
591 1194 695 1233 tum
717 1182 1005 1246 contigerit,
1045 1174 1197 1230 veluti
1233 1177 1365 1245 peste
1397 1171 1608 1227 infedlus
1644 1169 1845 1227 tandem
1870 1175 2102 1236 moritur,-

211 1256 298 1311 nifi
324 1274 438 1309 cura
462 1253 732 1307 adhibetur.
817 1258 894 1306 De
925 1252 1108 1306 eodem
1133 1247 1343 1304 Plinius
1371 1253 1452 1301 IX.
1473 1246 1581 1300 secl.
1605 1251 1706 1310 72,
1750 1262 1803 1301 ut
1830 1250 1882 1299 in
1912 1245 2104 1315 lepore,

211 1335 394 1404 inquit3
433 1333 523 1401 qui-
541 1333 589 1381 in
609 1332 733 1380 mari
754 1327 933 1379 Indico
961 1330 1109 1379 etiam
1129 1323 1260 1377 melu
1291 1321 1524 1394 pestilens
1552 1325 1801 1376 vomitum
1830 1320 2113 1391 diffolutioe

210 1423 430 1478 nemque
472 1402 731 1457 stomacho·
767 1405 993 1471 protinus
1035 1413 1179 1452 creat.
1211 1427 1281 1439 --
1326 1401 1378 1451 in
1418 1397 1550 1450 Indis
1593 1410 1642 1448 et
1679 1395 2017 1463 magnitudine
2050 1409 2113 1451 et.

211 1479 342 1551 pilo,
385 1479 584 1531 duriore
604 1490 769 1529 tamen
786 1496 801 1528 :1
834 1494 927 1528 nec
951 1479 1088 1528 vivus
1109 1471 1175 1526 ibi
1200 1476 1399 1542 capitur.
1475 1471 1614 1523 Idem
1633 1475 1805 1522 XXIII.
1835 1468 1943 1522 fedi.
1971 1489 2012 1531 3.
2048 1474 2103 1523 in

214 1554 350 1606 India
372 1554 615 1605 affirmant
635 1570 738 1603 non
759 1554 867 1619 capi
889 1552 1172 1615 viventem,
1205 1551 1520 1616 invicemque
1542 1543 1610 1597 ibi
1632 1544 1892 1597 hominem
1923 1543 1988 1595 illi
2006 1563 2107 1613 pro·

213 1646 409 1682 veneno
432 1627 543 1688 effe,
582 1644 638 1679 ac
660 1624 738 1678 vel
758 1624 915 1692 digito
937 1627 1144 1676 omnino
1170 1625 1217 1674 in
1237 1624 1361 1673 mari
1380 1618 1566 1672 tatstum
1586 1623 1729 1671 mori.
1806 1617 1911 1670 Effe
1932 1634 2100 1670 autem

211 1701 508 1772 ampliorem
528 1698 714 1761 multo,
751 1697 872 1751 ficut
890 1697 1075 1768 reliqua
1098 1694 1338 1749 animalia.
1375 1724 1443 1734 —-
1519 1692 1685 1746 Plures
1707 1692 1861 1746 hodie
1884 1696 2103 1745 Tetrao-

213 1777 426 1830 dontum
474 1775 658 1845 species
692 1785 952 1825 venenatas
997 1774 1227 1825 novimus
1280 1783 1564 1821 exterorum
1596 1771 1838 1827 marium3
1886 1765 2102 1838 aliquam

212 1855 364 1904 etiam
401 1845 663 1903 Limmeus
699 1844 1079 1917 lagocephalum
1119 1843 1180 1899 ab
1218 1842 1376 1916 aliqua
1420 1843 1630 1915 leporini
1677 1846 1846 1914 capitis
1883 1840 2104 1896 fimilitu-

214 1925 329 1978 dine
351 1922 623 1992 appellavit.
1724 1984 1727 1987 ψ

364 1993 708 2068 Cyclopterus.
745 1994 948 2048 Adhoc
972 2004 1130 2062 genus
1150 1997 1392 2064 pertinere
1413 1985 1606 2046 videtur
1637 1992 1760 2046 mihi
1789 1991 1937 2046 maris
1965 1990 2101 2044 rubri
2182 2007 2221 2050 p,
2242 2013 2314 2063 37,-

213 2071 352 2143 pisciS
388 2067 636 2142 pltysalbis
668 2068 852 2132 didius,
897 2082 1190 2130 venenatus,
1244 2087 1396 2139 quem
1420 2064 1667 2121 Aelianus
1696 2073 1767 2119 111.
1806 2079 1881 2126 18.
1925 2070 2100 2137 pingit,
2123 2064 2226 2110 Gen.
2243 2078 2313 2121 40·

212 2146 295 2199 sed
331 2146 440 2197 satis
485 2144 707 2197 obscure.
783 2144 964 2198 Causas
995 2143 1280 2213 suspicionis
1309 2145 1481 2212 aperui
1514 2145 1565 2197 in
1603 2155 1720 2195 nota
1757 2141 1818 2195 ad
1856 2139 1995 2195 illum
2021 2140 2103 2210 lo÷

212 2237 332 2274 cum
363 2238 410 2289 p.
440 2229 522 2280 87.
1310 2253 1315 2254 ν

373 2287 693 2369 Βάτραχος,
748 2289 1040 2354 Batrachus‚
1095 2289 1146 2343 id
1175 2292 1268 2352 est,
1319 2307 1446 2360 rana.
1534 2288 1694 2343 Semel
1735 2289 1796 2343 ab
1827 2286 2098 2362 Aristotele
2122 2292 2226 2335 Gen.
2241 2300 2313 2346 4ῐέ

214 2372 597 2434 cognominatur
645 2362 856 2436 οὶλιεὺς,
924 2366 975 2418 id
1019 2366 1112 2426 est,
1157 2366 1396 2435 piscatrix,
1515 2364 1717 2436 Reliqua
1759 2366 1997 2419 vocabula
2037 2366 2098 2419 ab
2133 2351 2228 2393 No.
2252 2362 2288 2391 ¹⁹

207 2437 432 2495 Arziedio
478 2438 658 2510 posita,
720 2441 830 2492 sunt
864 2457 928 2492 ex
987 2439 1152 2493 vitiosa
1196 2437 1437 2492 librorum
1478 2437 1688 2493 ledlione
1731 2444 1881 2508 petita
1915 2455 1962 2494 et
2010 2442 2096 2495 de-

211 2513 369 2567 lenda⁴
410 2507 703 2568 Atliewaens
723 2514 1066 2567 nominanuda
1079 2514 1251 2583 posuit.
1293 2518 1445 2581 Igitur
1460 2513 2098 2583 philosophumaudiamus.>

211 2585 511 2658 Aristoteles
533 2593 596 2640 H.
618 2587 680 2640 Α.
704 2593 737 2640 Ι.
767 2608 810 2650 5.
864 2605 925 2640 ex
949 2587 1267 2655 cartilagineis
1288 2587 1496 2657 piscibus
1519 2588 1722 2661 quidam
1732 2593 1890 2659 pinnis
1912 2606 2098 2654 carent,

212 2677 269 2716 ut
290 2663 420 2733 plani
444 2667 528 2734 qui
549 2662 758 2715 caudam
777 2677 978 2731 gerunt,
1026 2660 1175 2714 veluti
1198 2660 1334 2715 batus
1354 2677 1400 2715 et
1424 2677 1626 2731 trygon,
1660 2667 1748 2735 qui
1777 2678 1877 2718 tota
1910 2683 2095 2735 corpo-

208 2737 548 2795 ris'latitutlin'e
567 2750 744 2790 natant.
819 2740 951 2789 Rana
984 2755 1106 2789 vero
1132 2735 1307 2799 habet,
1360 2751 1410 2789 et
1441 2752 1856 2810 quorumcunque
1887 2738 2093 2794 latitudo

209 2815 434 2881 corporis
455 2831 559 2865 non
580 2824 867 2864 extenuatur
889 2815 936 2863 in
963 2811 1185 2863 caudam.
1255 2815 1319 2863 Ita
1339 2809 1468 2864 recle
1489 2811 1663 2880 legitur
1694 2813 1833 2867 locus
1866 2814 1948 2865 hic
1979 2815 2092 2865 scri-

209 2901 322 2959 ptus
355 2889 407 2938 in
437 2887 654 2939 editione
675 2885 889 2947 Aldina,
933 2888 1127 2946 Juntina
1162 2899 1210 2938 et
1231 2885 1391 2939 Codd.
1427 2904 1517 2955 pro
1550 2886 1748 2953 vulgato
1778 2890 1898 2954 raia,
1940 2878 2097 2957 quam*

209 2963 603 3015 nominatetiam
624 2958 793 3014 Gaza.
868 2964 1055 3012 Ranam
1074 2962 1226 3012 etiam
1247 2961 1430 3012 restitui
1449 2962 1578 3026 jussit
1597 2958 1872 3014 Salvimlus
1894 2971 1941 3029 p.
1970 2964 2026 3021 1‘5
2039 2969 2091 3018 0.

207 3038 361 3087 Vetus
384 3034 537 3088 veriio
563 3034 704 3104 apud*
724 3031 783 3087 V
782 3031 1048 3087 iacentium
1075 3053 1164 3103 pro
1185 3033 1300 3087 bato
1331 3049 1378 3087 et
1400 3048 1606 3101 trygone
1641 3029 1880 3106 baschean
1917 3038 2085 3097 mariS‚

205 3107 382 3165 deinde
401 3127 519 3165 vero
539 3107 671 3163 redie
691 3125 859 3164 ranam
878 3112 1121 3167 marinam
1144 3112 1370 3167 nominat
1388 3114 1532 3166 XVII.
1552 3127 1598 3162 c.>
1622 3127 1666 3176 5.
1702 3105 1986 3167 Plin.1X.c.
2000 3101 2090 3179 ,ρος

1864 3202 1892 3237 e
1924 3183 2082 3255 planis
