2571 3775
348 342 445 414 33'8
1159 364 1452 398 ξ..-

342 480 479 528 larum
504 480 632 524 exitus
652 480 695 522 in
717 473 826 541 pisce
851 480 949 525 vivo
970 477 1107 524 statim
1129 476 1251 526 debet
1274 476 1538 544 interrumpiss
1607 480 1735 546 Qod
1755 486 2094 547 experimentum
2114 486 2289 534 interim⁴

344 546 454 596 forte
479 546 546 592 alii
585 549 772 609 capient,
802 564 1026 610 aeremque
1055 546 1264 594 inclusum
1297 553 1521 595 accuratius
1557 547 1833 614 distinguent,
1870 551 1982 615 quod
2017 556 2060 597 in
2092 551 2184 600 solo
2206 573 2292 601 car-

345 620 473 682 pione
495 618 734 677 nuperrime
756 610 855 660 fecit
876 616 947 661 De
960 618 1004 661 la
1022 616 1231 660 Metherie
1254 619 1296 661 in
1316 617 1439 663 altera
1462 616 1647 664 editione
1665 621 2069 682 Experimentorum
2090 620 2141 667 de
2161 627 2290 669 varie-

345 697 426 732 tate
455 685 568 729 aeris.
618 680 928 739 Parisiis1788.
1016 686 1066 728 In
1093 680 1209 728 scaro
1247 683 1421 747 quidam
1457 685 1565 731 olim
1600 684 1786 732 fimilem
1817 685 1971 734 sonum
2005 687 2284 746 observarunt,

346 752 513 820 qualem
534 751 679 796 cobitis
701 767 799 796 cum
821 769 925 814 aqua
946 767 1020 796 ore
1040 752 1167 810 ejecta
1189 750 1349 806 reddit,
1384 767 1429 798 ut
1448 753 1566 800 locus
1596 771 1636 817 p.
1661 761 1724 805 86.
1744 754 1887 801 allatus
1906 755 2039 803 docet.

481 824 591 864 Inter
619 816 852 881 apophyses
879 818 1088 865 vertebrae
1118 832 1282 882 quartae
1310 819 1488 884 Ophidii
1524 822 1677 867 barbati
1708 822 1906 887 cartilago
1934 823 2180 872 reniformis
2211 825 2286 889 ipfi

346 887 503 937 vesicae
534 883 680 932 inserta
697 888 852 941 haeret,
883 888 1052 933 auc‘lore
1071 891 1242 951 egregio
1266 888 1514 952 Brozgffimet
1533 889 2092 953 Philotbphffransaclions
2115 894 2287 954 Vol.71.

346 975 387 1022 p.
409 971 502 1013 437.
536 954 614 1000 tab.
641 971 702 1010 23.

488 1026 535 1068 ln
559 1026 840 1086 cyprinorum
871 1038 1026 1084 genere
1057 1025 1198 1068 tertiae
1226 1023 1437 1069 vertebrae
1465 1023 1706 1088 apophyfin
1727 1021 1977 1072 inferiorem
2000 1025 2085 1072 basi
2104 1026 2289 1091 perfora-

348 1107 435 1141 tam
458 1108 574 1144 renes
594 1094 894 1143 transmittere,
923 1090 1085 1154 reliquo
1117 1094 1284 1153 corpori
1308 1091 1464 1154 postice
1493 1091 1670 1139 vesicam
1692 1111 1856 1139 aeream
1879 1094 2120 1141 firmiffime
2141 1095 2289 1142 adhae-

348 1175 512 1209 rentem
534 1160 708 1213 habere,
745 1157 891 1204 docuit
912 1160 1071 1221 pic‘tura
1091 1157 1230 1204 addita
1260 1159 1381 1205 Petit
1411 1163 1455 1205 in
1478 1161 1714 1207 Me'moires
1732 1160 1782 1207 de
1801 1161 1961 1208 l’Acad.
1985 1178 2094 1221 1733.
2123 1182 2163 1228 p.
2186 1180 2288 1212 200.

349 1230 430 1276 tab.
452 1233 502 1276 V.
524 1227 594 1290 fig.
619 1244 651 1284 3.
672 1244 706 1283 ς.
733 1229 777 1272 6.
851 1225 987 1288 ipsam
1013 1225 1250 1290 apophyfin
1270 1225 1375 1272 vade
1391 1227 1518 1273 latam
1543 1246 1586 1273 os
1603 1227 1754 1274 miti-al
1768 1230 2002 1293 appellavit.

486 1302 535 1344 In
554 1298 685 1360 Sparo
708 1296 926 1354 erythrino
946 1309 1160 1341 tumorem
1186 1293 1326 1358 spinae
1354 1293 1526 1342 dorsalis
1547 1295 1740 1359 reperisse
1761 1312 1799 1344 et
1821 1296 1997 1362 piuxiss'e
2019 1297 2169 1344 dicitur
2190 1298 2289 1345 Gal-

348 1367 412 1414 lus
435 1367 615 1425 Guigozc
639 1367 682 1410 in
701 1363 811 1409 libro
832 1361 1073 1426 periodico:
1106 1363 1280 1420 Journal
1299 1361 1350 1408 de
1379 1362 1588 1428 Phyfique
1610 1374 1724 1422 1788,
1745 1367 1890 1411 Martii
1912 1368 1996 1413 No.
2017 1384 2058 1422 4.
2132 1365 2289 1412 ludica.

349 1435 454 1480 bunt
482 1433 575 1485 alii,
609 1450 713 1478 num
749 1448 869 1477 verus
902 1444 942 1477 et
971 1429 1193 1479 morbosus
1224 1434 1258 1477 is
1285 1429 1335 1477 sit
1368 1445 1538 1487 tumor,
1573 1450 1626 1479 an
1652 1431 1802 1480 fimilis
1835 1438 1919 1481 eius
1949 1432 2061 1482 forte
2077 1434 2126 1480 fit
2144 1449 2289 1482 natura

350 1499 487 1549 osseae
509 1498 702 1548 cobitidis
721 1498 890 1546 vesicae.

369 1570 371 1573 ’
485 1568 682 1617 Maxillas
712 1565 867 1631 spurias
896 1567 990 1631 post
1019 1580 1234 1632 quaternas
1259 1571 1453 1633 utrinque
1485 1569 1704 1616 branchias
1732 1569 1859 1617 veluti
1890 1574 2051 1636 quintas
2070 1572 2289 1617 branchias

349 1636 576 1703 appositas,
608 1654 784 1700 quarum
806 1634 945 1682 dentes
964 1634 1087 1681 facile
1107 1633 1324 1688 excidunt,
1354 1641 1439 1696 jam
1475 1636 1584 1684 olim
1615 1642 1827 1685 annotavit
1855 1653 1895 1686 et
1922 1643 2055 1703 pinxit
2082 1637 2292 1699 Fmfiliius

348 1708 489 1755 noster
508 1711 550 1753 in
574 1704 753 1751 Miscell.
774 1703 954 1750 Berolin.
975 1706 1034 1750 T.
1057 1707 1131 1749 Vl.
1160 1722 1198 1767 p.
1218 1720 1296 1760 119.
1315 1704 1386 1769 fig.
1412 1720 1452 1753 2.
1522 1706 1784 1753 Huiusmodi
1818 1711 1943 1770 igitur
1970 1707 2167 1755 maxillae
2196 1705 2288 1769 spu-

349 1780 435 1824 riae
456 1779 500 1821 in
521 1772 614 1839 ipsis
633 1770 819 1819 faucibus
842 1772 934 1834 post
953 1772 1167 1817 branchias
1188 1771 1346 1834 posstae
1376 1786 1523 1818 notam
1557 1777 1834 1837 cyprinorum
1866 1779 2109 1838 genericam
2129 1788 2167 1820 et
2188 1791 2286 1838 pro-

310 1854 313 1857 '
346 1848 510 1909 priam,
539 1859 609 1888 me
630 1838 800 1904 quidem
822 1837 979 1900 judice,
1019 1837 1225 1885 methodo
1243 1839 1402 1902 vulgari
1422 1840 1564 1903 largiri
1584 1858 1674 1887 non
1694 1839 1873 1905 potsunt.
1944 1845 2080 1907 Atque
2100 1846 2287 1888 omnino

347 1917 395 1958 in
414 1911 608 1975 plurimis
627 1905 805 1971 piscium
827 1907 1046 1970 generibus
1080 1905 1229 1952 fimilis
1260 1904 1414 1953 fabrica
1445 1907 1581 1964 adest3
1616 1909 1710 1971 post
1740 1910 1954 1955 branchias
1975 1915 2090 1956 enim
2120 1915 2288 1974 quintae

329 1980 446 2028 ,loeo
468 1981 659 2041 utrinque
685 1994 798 2021 arcus
826 1973 959 2020 offeus
988 1972 1202 2032 adjunctus
1221 1972 1389 2020 sustinet
1419 1993 1570 2036 corpus
1599 1980 1735 2022 variae
1754 1977 1913 2040 figurae
1932 1991 1970 2023 et
1989 1977 2174 2031 duritiei,
2216 1976 2286 2023 sed

347 2049 501 2111 ubique
521 2044 710 2092 scabrum
732 2056 852 2105 atque
871 2040 1084 2106 asperum,
1115 2046 1178 2088 cui
1203 2046 1248 2088 in
1275 2043 1410 2106 palato
1430 2040 1516 2089 osia
1539 2056 1606 2089 aut
1625 2045 1883 2108 cartilagines
1907 2050 2099 2091 muz-icati
2120 2044 2288 2109 respou-

348 2115 470 2170 dent,
503 2115 666 2178 cibique
686 2111 832 2174 ingesti
857 2113 1252 2157 comminutionem
1276 2111 1480 2172 adjuvant.
1552 2114 1678 2158 Hanc
1698 2112 1869 2177 quidem
1897 2112 2101 2160 fabricam
2122 2118 2166 2160 in
2189 2117 2287 2178 Spa-

346 2188 401 2231 ris
423 2196 461 2229 et
483 2180 610 2228 Gadis
628 2180 772 2225 multis
793 2177 901 2235 vidi3
936 2176 1112 2224 eandem
1133 2183 1257 2224 etiam
1281 2183 1323 2224 in
1346 2183 1555 2225 Loricaria
1575 2193 1692 2226 antea
1713 2185 1932 2239 annotavi3
1963 2186 2009 2228 in
2030 2181 2215 2247 anguilla
2237 2199 2285 2230 os

347 2255 599 2300 music-atum
623 2246 713 2294 latis
734 2247 915 2311 longum
939 2247 1030 2310 post
1059 2247 1276 2292 branchias
1297 2245 1420 2294 adest.

484 2321 575 2382 Fig.
599 2331 671 2362 20.
693 2332 751 2362 21.
770 2331 836 2362 22.
869 2314 1160 2376 Osteologiam
1183 2317 1419 2377 Syngnathi
1448 2314 1656 2378 Typhlae
1674 2314 1880 2380 spec-”tana
1910 2315 2091 2381 reliquae
2114 2320 2285 2381 Hippo-

350 2391 513 2451 campi,
545 2402 729 2451 quorum
750 2401 900 2446 corpus
921 2400 1016 2428 vere
1037 2381 1347 2446 squatum-atum
1371 2395 1492 2446 atque
1509 2384 1753 2447 angulatum
1772 2383 1854 2430 dici
1874 2385 2017 2447 potest.
2076 2389 2125 2431 In
2144 2404 2284 2432 exem-

349 2457 431 2522 plis
456 2459 523 2508 iis,
555 2471 658 2519 quae
677 2449 873 2516 equidem
906 2450 1145 2512 investigavi
1178 2449 1281 2497 ficca
1311 2464 1350 2496 at
1381 2468 1431 2496 ue
1458 2462 1562 2514 aqua
1583 2451 1756 2514 pluviali
1777 2453 1991 2507 emollita,
2025 2450 2135 2499 infra
2153 2472 2284 2502 anum

318 2565 321 2577 s
346 2523 457 2572 scuta
479 2520 588 2569 oss'ea
609 2535 675 2567 aut
696 2518 960 2582 cartilaginea
984 2517 1099 2564 null-a
1121 2523 1280 2583 reperi,
1305 2469 1380 2565 sesi
1408 2523 1553 2565 omnis
1583 2519 1656 2565 ista
1685 2524 1803 2585 regio
1826 2535 1917 2566 cute
1939 2521 2166 2568 concolore
2184 2539 2283 2569 con-

346 2596 509 2656 tegitur.
577 2592 707 2653 igitur
732 2585 897 2635 videant
916 2590 994 2634 viri
1017 2584 1158 2641 dodi,
1190 2587 1336 2652 quibus
1356 2584 1485 2650 pisces
1512 2590 1628 2635 vivos
1658 2586 1859 2654 inspicere
1878 2588 2141 2644 conceditur,
2173 2608 2281 2637 num

345 2677 482 2708 mares
502 2662 723 2722 regionem
745 2655 862 2701 issam
883 2653 961 2701 soli
985 2652 1213 2718 squammis
1243 2659 1451 2701 munitam
1485 2655 1683 2710 habeant,
1715 2670 1760 2703 ut
1787 2657 1998 2721 reliquum
2027 2675 2200 2720 corpus3
2233 2662 2280 2705 in

344 2728 504 2776 femina
541 2723 713 2790 quidem
761 2738 898 2788 partus
940 2736 1082 2768 natura
1117 2720 1444 2785 squammarum
1475 2736 1542 2769 aut
1577 2722 1790 2771 scutorum
1821 2723 2015 2771 duritiem
2052 2723 2280 2788 respuebat.

343 2795 612 2859 Osteologiae
631 2806 790 2857 partem
822 2792 1006 2855 aliquam
1031 2790 1266 2846 illustrabo,
1294 2792 1510 2854 hucusque
1537 2790 1736 2839 omissam
1752 2828 1765 2847 ,
1798 2796 1842 2837 in
1863 2796 1976 2838 cuius
2000 2794 2276 2857 investigatio-

342 2883 444 2912 nem
466 2881 538 2909 me
558 2860 748 2926 perduxit
767 2859 884 2906 locus
913 2857 1164 2920 Aristotelis.
1234 2859 1530 2905 intestinorum
1552 2857 1754 2905 fabricam
1776 2857 1995 2906 declaravit
2020 2862 2070 2907 V
2065 2861 2278 2917 illeneuve,

342 2938 455 2980 euius
477 2929 801 2994 disputationem
834 2931 876 2973 in
903 2924 1148 2974 sermonem
1175 2930 1473 2990 germanicum
1505 2925 1752 2975 conversam
1780 2928 1906 2974 habes
1934 2932 1980 2975 in
2011 2931 2277 2976 Promtuario

339 3001 578 3063 Hamburg.
605 2996 701 3044 Vol.
726 2998 876 3042 XXIV.
901 3013 939 3058 p.
966 3006 1061 3052 598.

476 3071 563 3130 Fig.
589 3081 656 3112 20.
690 3068 967 3128 Segmentum
987 3060 1232 3109 vabdominis
1264 3058 1474 3115 describit,
1504 3066 1615 3108 cuius
1634 3059 1812 3108 inferior
1831 3080 1922 3127 pars
1943 3081 1978 3110 a.
2004 3077 2096 3109 cute
2117 3064 2275 3127 obtegi·

334 3150 420 3194 tui-3
452 3137 489 3183 b.
519 3132 692 3182 dorsum
721 3135 910 3197 utrinque
942 3129 1129 3187 declive,
1163 3129 1408 3196 angulatum
1442 3142 1481 3176 et
1508 3129 1737 3180 loricatum
1757 3131 1847 3195 ‚est-5
1890 3129 2093 3188 medium
2127 3131 2275 3178 locum

2098 3212 2277 3263 occupat
