2571 3775
2048 324 2117 381 31'

235 471 295 508 an
317 454 477 508 austro
508 445 562 502 fit
591 440 809 515 exposita
845 443 985 510 regio
1018 440 1193 512 aliqua.
1298 441 1473 495 Genus
1509 441 1643 494 enim
1672 442 1879 511 piscium
1907 444 2119 515 longum

238 527 496 600 aquiloniis
514 518 691 574 melius
710 521 865 585 viget3
911 530 960 569 et
982 514 1187 588 quidem
1205 515 1380 567 aestate
1398 514 1513 569 loco
1546 516 1728 571 eodem
1759 522 1809 571 in
1828 520 2116 590 Aquilonjjs

234 603 399 672 plures
433 597 570 662 longi
599 609 750 664 quam
779 590 859 643 lati
891 594 1165 659 capiuntur.
1251 592 1440 641 Verum
1458 590 1819 654 'admonendus
1849 594 1916 644 est
1944 592 2116 658 lec‘tor,

233 667 539 742 Aristotelem
561 666 823 737 planorum
847 665 1053 734 piscium
1072 665 1279 715 nomine
1298 662 1564 731 intelligere
1583 668 1810 734 inprimis
1829 668 1949 729 raias
1975 682 2028 719 ut
2053 686 2115 720 ex

228 747 309 801 lib.
320 751 352 797 1.
373 763 414 796 c.
432 763 475 803 ς.
503 754 718 810 apparet.
783 743 982 793 Locum
1001 752 1165 790 tamen
1184 736 1491 807 postremum
1503 738 1564 791 de
1575 757 1756 806 genere
1775 739 2111 808 pleuroneffis

230 818 466 874 intellexit
498 814 672 869 audior
705 813 768 866 de
793 827 961 866 natura
991 826 1158 865 rerum
1186 810 1315 880 apud
1351 809 1412 866 V
1409 809 1678 866 immitium
1705 817 1849 866 XVII.
1887 832 1994 884 cap.
2026 832 2112 868 29.

230 910 278 947 et
297 910 474 947 omnes
493 890 696 962 quidem
717 888 870 957 pisces
903 890 989 959 qui
1012 904 1099 957 per
1119 883 1495 955 amplitudinem
1524 901 1711 948 natant,
1767 901 1819 940 ut
1841 887 2023 942 bothae
2061 901 2111 943 et

228 966 473 1038 pectineS,
508 977 658 1017 vento
677 960 983 1014 meridionali
1001 963 1149 1014 flante
1173 962 1561 1029 impinguantur3
1597 965 1680 1033 qui
1692 979 1812 1014 vero
1825 966 1876 1015 in
1899 962 2108 1031 longum

230 1040 584 1102 extenduntur,
635 1051 688 1089 ut
716 1036 856 1097 lucii,
907 1038 1056 1087 flante
1081 1033 1457 1101 septentrionali.
1534 1031 1812 1106 Oppianus
1833 1040 1865 1088 I.
1903 1055 2018 1101 104.
2057 1041 2108 1091 in

229 1116 361 1168 vadis
390 1117 536 1167 maris
563 1109 784 1166 coenofis
819 1109 998 1177 degere
1017 1112 1079 1160 ait
1115 1107 1312 1176 pietta83
1366 1120 1536 1160 contra
1576 1107 1816 1171 citharos,
1863 1108 2108 1178 buglottas

227 1205 276 1243 et
293 1189 538 1260 platyuros
560 1190 607 1238 in
633 1185 774 1239 litore
795 1182 969 1236 humili
990 1195 1040 1235 et
1060 1182 1293 1242 arenosO,
1318 1181 1455 1234 versu
1480 1200 1565 1246 99.
1640 1179 1851 1236 Plinius
1873 1188 1952 1236 IX.
1965 1203 2006 1236 c.
2028 1191 2108 1238 16.

225 1278 351 1316 terra
375 1262 603 1335 quidem,
634 1259 734 1313 hoc
753 1260 845 1320 est,
884 1257 1012 1309 vado
1030 1260 1177 1309 maris
1201 1269 1439 1309 excavato
1460 1255 1612 1310 condi
1631 1273 1718 1325 per
1734 1256 1913 1312 hiemis
1934 1274 2107 1328 torpeo

226 1339 395 1390 dinem
422 1338 623 1406 psettam
644 1333 925 1405 soleamque
945 1330 1152 1383 tradunt.
1230 1325 1456 1382 Ovidius
1495 1350 1512 1381 1
1529 1347 1612 1391 25.
1646 1335 1696 1383 in
1723 1330 1930 1385 herbosa
1959 1350 2106 1386 arena

225 1412 378 1466 litoris
399 1413 579 1479 degere
599 1412 662 1462 ait
682 1406 925 1475 fulgentes
945 1405 1160 1458 candore
1180 1402 1358 1465 soleas,
1404 1417 1453 1456 et
1478 1402 1567 1456 illis
1599 1404 1925 1460 concolorem
1955 1407 2108 1477 paffe-

224 1506 333 1540 rem
373 1500 422 1539 et
465 1481 736 1537 rhombum
756 1485 807 1534 in
843 1484 966 1532 mari
1003 1478 1262 1531 Adriatico
1290 1477 1650 1531 admirandum.
1761 1485 1856 1534 Pro
1894 1485 2106 1554 qlijn-oe,

221 1562 397 1625 Psetta,
439 1563 489 1612 in
518 1556 648 1612 libris
669 1569 892 1609 veterum
920 1553 1098 1622 legitur
1117 1553 1254 1622 saepe
1276 1556 1422 1605 etiam
1446 1557 1647 1617 Ψίττω,
1684 1552 1844 1615 Pfit'ta;
1878 1554 1959 1607 sed
1979 1555 2103 1607 haec

221 1637 450 1704 scriptura
473 1633 687 1685 deterior
707 1632 787 1684 est.
863 1631 1166 1682 Diminutiva
1186 1625 1346 1679 forma
1375 1633 1552 1686 qsuslov
1582 1630 1634 1679 in
1666 1624 1916 1682 Simeonis
1946 1625 2096 1683 Semi

166 1771 169 1773 ,
217 1706 374 1781 Psellz'
397 1722 443 1761 et
461 1705 689 1760 fimilium
709 1705 1000 1773 scriptorum
1024 1701 1153 1754 libris
1176 1704 1427 1771 reperitur.
1502 1696 1852 1772 Epicharmus
1870 1707 2098 1756 nomina.

215 1788 283 1837 vit
303 1787 448 1836 etiam
475 1801 538 1835 ex
561 1780 661 1834 hoc
688 1795 867 1847 genere
893 1771 1294 1856 Κυνόγλωσσον,
1333 1774 1717 1843 Cynogloffum,
1752 1781 1782 1829 i.
1798 1795 1838 1830 e.
1876 1777 2098 1846 linguam

218 1861 468 1917 caninam,
527 1854 610 1908 sed
664 1871 725 1906 an
777 1853 1020 1905 diversum
1064 1869 1090 1903 a
1114 1848 1389 1918 ‘bugloffm
1437 1853 1736 1917 ignoramus.
1843 1855 2095 1907 Praeterea

217 1927 518 1994 Σοὶμδαλογ,
551 1926 841 1989 Sandalum,
878 1930 906 1978 i.
929 1944 968 1978 e.
987 1923 1168 1978 soleam
1191 1923 1399 1994 appellat
1415 1927 1548 1990 juxta
1571 1923 1850 1993 bugloffum
1868 1924 2094 1981 llffatron

219 2020 367 2076 poeta
388 2008 645 2074 antiquus5
678 2001 814 2073 quod
831 2000 961 2052 latini
981 2001 1239 2067 scriptores
1251 2002 1548 2068 interpretati
1564 2000 1684 2052 sunt.
1758 2004 1853 2052 Pro
1872 1999 2093 2054 rhombo

218 2084 268 2132 in
291 2075 538 2133 Simeowis
557 2072 701 2130 Setlw'
722 2090 770 2128 et
793 2073 1024 2127 fimilibus
1046 2071 1176 2126 libris
1197 2090 1489 2141 graecorum
1510 2077 1715 2126 recentis
1735 2077 1840 2126 aevi
1865 2069 2091 2140 συάχιομ,

215 2159 244 2206 i.
266 2173 308 2206 e.
332 2150 578 2223 porcellus
593 2150 784 2217 legitur,
820 2164 873 2201 ut
890 2146 1020 2200 redte
1048 2150 1296 2200 annotavit
1316 2144 1467 2200 Cour.
1480 2144 1896 2219 GesnerAquatil.
1907 2168 1951 2219 p.
1968 2169 2035 2214 79
2050 2168 2093 2202 1.

214 2232 331 2281 Hoc
362 2222 608 2280 vocabulo
627 2236 872 2293 permutat
909 2239 1115 2289 graecus
1145 2217 1382 2291 Oppiani
1413 2220 1697 2275 Scholiastes
1736 2222 1966 2276 Admoes
2005 2223 2094 2277 loli

214 2298 459 2373 Oppiam
495 2297 653 2351 dictos
673 2302 745 2349 m.
775 2315 889 2357 371·
912 2295 995 2348 sed
1014 2293 1142 2347 male
1167 2309 1221 2346 ut
1248 2294 1452 2347 videtur.
1531 2293 1717 2349 Confer
1737 2300 1883 2348 etiam
1903 2294 2096 2368 Cemgii

211 2375 509 2431 Gloffarium
531 2390 764 2440 graecum
793 2369 878 2423 sub
899 2388 1024 2425 voce
1048 2363 1242 2429 σιάκιον
1264 2383 1312 2422 et
1331 2364 1482 2437 σύαέ.
1526 2365 1800 2424 Matthaeo
1829 2367 2093 2443 Syn-atico

211 2454 321 2504 Siax
341 2452 408 2505 est
427 2447 630 2500 sumbus
650 2447 801 2515 piscis.

360 2518 581 2596 Ρόμβος,
626 2517 900 2572 Rhombus.
943 2514 1151 2572 Plinius
1175 2521 1255 2569 IX.
1285 2533 1362 2580 15.
1394 2516 1638 2572 rhombos
1667 2521 1882 2578 Pontum
1912 2523 2087 2573 intrare

212 2602 275 2652 ait
295 2616 412 2650 cum
434 2596 592 2650 {oleae
612 2593 677 2646 ibi
698 2593 858 2646 nullae
878 2596 1193 2661 reperiantur.
1230 2594 1348 2661 Cap.
1372 2611 1446 2657 ¹9·
1468 2591 1576 2654 alii,
1601 2597 1784 2665 inquit,
1812 2596 1919 2647 sunt
1937 2592 2084 2664 plani,

211 2687 265 2726 ut
284 2671 507 2734 rhombi,
546 2668 730 2730 soleae,
755 2686 811 2720 ac
835 2666 1063 2736 passeres,
1100 2670 1180 2736 qui
1201 2683 1226 2716 a
1249 2663 1470 2719 rhombis
1494 2665 1580 2719 fitu
1601 2682 1791 2720 tantum
1813 2688 2084 2739 corporum

210 2748 453 2800 differunt.
531 2751 717 2797 Dexter
744 2743 1042 2812 resupinatus
1063 2742 1130 2793 est
1151 2738 1266 2801 illis,
1310 2739 1478 2809 pafferi
1500 2740 1677 2795 laevus.
1754 2743 1903 2796 Vides
1936 2747 2082 2811 igitur

209 2820 600 2874 distributionem
624 2820 815 2886 generis
837 2820 885 2868 iu
906 2816 1025 2868 duas
1047 2813 1276 2876 familias,
1319 2815 1539 2867 dextram
1570 2830 1618 2868 et
1647 2815 1876 2869 sinistram
1907 2822 2080 2870 veteri-

207 2895 300 2948 bus
333 2899 672 2962 excogitatam.
750 2895 875 2943 Situs
909 2889 1176 2943 oculorum
1205 2893 1254 2940 in
1279 2886 1452 2940 sinistra
1486 2889 1685 2942 rhombi
1715 2891 1981 2960 approbare
2011 2896 2082 2944 vi-

206 2970 346 3023 detur
367 2966 555 3023 Artecz‘i
576 2971 878 3036 opinionem.
954 2967 1213 3016 Ravennae
1243 2967 1489 3033 optimum
1519 2963 1612 3015 effe
1643 2964 1911 3017 rhombum
1942 2966 2085 3019 tradit

205 3063 308 3114 cap.
343 3063 418 3107 ³4.
514 3041 649 3094 Alibi
679 3059 798 3093 vero
833 3035 1119 3107 Aristotelis
1160 3036 1380 3111 ψῆτταν
1409 3042 1747 3105 interpretatur
1782 3038 2084 3107 rhombum5

205 3117 346 3191 quod
377 3135 565 3173 nomen
583 3111 840 3187 Aiffloctli
858 3117 1084 3181 ignotum
1097 3110 1206 3166 fuit.
1281 3106 1527 3166 Albertus
1548 3129 1596 3183 p.
1621 3129 1740 3178 244.
1762 3111 1809 3166 b:
1855 3113 2084 3169 Rombus

2010 3190 2078 3244 est

2145 2524 2223 2568 No.
2243 2536 2280 2578 5.
