2571 3775
463 337 569 387 206
1259 343 1551 383 ξε

458 461 667 532 omnes)
699 456 1019 529 cartilagineis
1057 455 1230 513 diebus
1269 471 1460 517 tantum
1490 457 1817 529 frigidissimis.
1891 459 2049 515 Tunc
2085 464 2220 517 enim
2249 480 2356 520 non

459 543 732 609 capiuntur.
808 534 1028 603 Quidam
1049 549 1222 595 tamen
1242 537 1389 592 etiam
1408 537 1582 588 aestate
1606 535 1778 600 latent,
1820 550 1873 589 ut
1893 536 2124 606 glaucus,
2167 541 2360 597 circiter

460 614 705 680 sexaginta
734 608 936 672 diebus,
968 622 1017 669 et
1037 608 1192 662 afinus
1217 622 1266 661 et
1283 623 1460 668 aurata.
1535 608 1745 664 Afinum
1775 611 1860 663 diu
1888 611 2034 665 latere
2064 612 2182 668 inde
2204 627 2356 683 patet,

454 687 600 760 ,quod
622 685 776 753 longo
798 687 1032 753 temporis
1055 681 1305 736 intervallo
1324 702 1429 737 ,non
1451 687 1655 754 capitur.
1717 686 1873 739 Pisces
1896 689 2068 740 aestate
2098 686 2244 740 latere
2267 687 2360 744 do-

462 774 700 819 cumento
723 759 807 812 illo
827 757 1077 828 probatur,
1118 756 1256 829 quod
1279 770 1505 827 tempore
1528 763 1785 825 astrorum,
1804 765 2067 831 praecipue
2090 761 2361 824 caniculae,

463 838 549 888 fiat
576 848 772 902 captura
803 849 995 885 eorum.
1067 835 1210 888 ,Mare
1241 833 1375 883 enim
1407 850 1495 901 per
1528 834 1578 885 id
1612 848 1806 903 tempus
1839 840 2099 899 evertitur,
2143 837 2279 909 quod
2307 840 2361 893 in

464 907 720 978 Bosphoro
747 903 1321 969 ,manifestiffimunsesp
1400 911 1577 967 Limus
1609 911 1744 960 enim
1775 911 1825 960 in
1860 909 2111 967 summum
2142 913 2363 975 effertur,

462 983 720 1054 *piscesque
753 980 1074 1050 supernatant.
1175 981 1334 1047 Ajunt
1361 983 1510 1033 etiam
1548 980 1581 1034 fi
1611 985 1866 1050 gurgitum
1892 987 1990 1036 ima
2019 985 2204 1054 saepius
2226 1004 2365 1039 ever-

468 1071 659 1118 tantur,
697 1054 862 1125 plures
885 1055 1058 1113 eadem
1087 1055 1258 1123 sagena
1280 1059 1386 1124 capi
1411 1055 1628 1109 secundo
1653 1055 1781 1122 jaeffu
1803 1076 1952 1129 quam
1973 1061 2151 1127 primo.
2205 1064 2366 1117 Etiam

467 1151 587 1185 cum
618 1129 799 1183 imbres
834 1134 1002 1198 magni
1034 1134 1292 1198 ingruunt,
1328 1129 1480 1188 multa
1512 1146 1744 1200 apparent
1782 1130 2030 1195 animalia,
2070 1151 2195 1205 quae
2224 1148 2366 1195 antea

465 1220 552 1263 aut
576 1222 830 1276 nunquam
848 1218 930 1256 aut
950 1222 1060 1258 raro
1082 1204 1176 1256 vila
1196 1202 1401 1256 fuerant.
1464 1209 1568 1267 ,Per
1595 1205 1818 1258 hiemem
1846 1206 2001 1275 pisces
2030 1222 2113 1260 aut
2141 1212 2192 1260 in
2219 1226 2366 1261 arena

471 1280 700 1339 conditos
732 1277 905 1341 latere,
941 1293 1023 1340 aut
1053 1293 1304 1348 petrarum
1333 1276 1584 1348 speluncas
1615 1278 1800 1343 subire,
1838 1294 1920 1332 aut
1949 1284 1998 1333 in
2032 1280 2187 1337 fundo
2219 1287 2368 1336 maris

464 1355 608 1418 abdi,
648 1371 763 1408 vere
792 1367 958 1412 autem
988 1353 1227 1414 redeunte
1258 1352 1319 1404 ad
1344 1352 1486 1410 litora
1518 1354 1757 1414 accedere
1797 1352 2181 1429 cumOjapimzo
2202 1363 2233 1410 Ι.
2257 1376 2362 1421 453

472 1430 615 1483 tradit
635 1425 883 1486 Aelianus
904 1433 984 1480 IX.
1017 1445 1095 1492 57.
1170 1432 1369 1482 Locum
1398 1427 1680 1498 philosophi
1704 1433 2045 1500 interpretatur
2063 1428 2371 1491 PlinizrsIX.

465 1502 594 1560 Se&
617 1521 699 1565 25.
774 1507 834 1555 Et
856 1502 1043 1574 alioqui
1068 1515 1231 1556 totum
1251 1520 1389 1555 mare
1415 1503 1555 1555 sentit
1587 1518 1819 1557 exortum
1842 1507 1953 1571 *ejus
1985 1504 2171 1562 sideris:
2210 1509 2371 1574 (cani-

470 1578 637 1644 culae)
669 1577 806 1648 quod
826 1581 1042 1637 maxime
1071 1581 1123 1629 in
1141 1576 1398 1647 Bosphoro
1429 1592 1639 1647 apparet.
1715 1577 1843 1646 Alga
1874 1582 2007 1632 enim
2041 1594 2090 1632 et
2116 1581 2271 1650 pisces
2300 1581 2376 1632 su-
2418 1618 2420 1621 -

470 1650 810 1723 perferuntur,
863 1655 1131 1723 omniaque
1160 1650 1220 1704 ab
1256 1655 1362 1704 imo
1393 1654 1539 1704 versti.
1627 1656 1892 1707 Veriorem
1920 1657 1959 1708 is
1992 1652 2258 1711 lectionem
2287 1654 2374 1715 ha-

475 1727 626 1781 buiffe
657 1729 707 1777 in
729 1726 814 1785 suo
837 1725 1030 1780 Codice
1052 1726 1246 1780 videtur
1275 1722 1377 1800 ὕλη
1406 1745 1498 1798 pro
1521 1723 1659 1801 ἱλῦς,
1698 1745 1909 1805 ,eamque
1939 1729 2001 1787 de
2028 1728 2152 1799 ,algis
2167 1743 2221 1783 et
2248 1727 2373 1787 fucis

472 1799 610 1858 ‚red‘ce
635 1804 973 1871 interpretatus
1002 1801 1083 1854 est.

517 2004 524 2009 ,
635 1954 714 2002 De
739 1949 969 2003 societate
990 1952 1052 2001 H.
1076 1948 1140 2000 A.
1161 1952 1241 2000 IX.
1265 1964 1309 1999 2.
1348 1948 1556 2001 Piscium
1579 1948 1657 2002 alii
1679 1963 2040 2018 congregantur
2058 1954 2375 2024 ‘invicemque

474 2026 626 2079 ,amici
647 2025 777 2086 sunt,
812 2023 888 2076 alii
911 2042 1012 2077 non
1035 2026 1275 2091 gregatim
1298 2025 1583 2095 inimicique
1608 2027 1793 2077 vivunt.
1894 2026 2141 2093 Quidam,
2177 2042 2375 2080 uterum

482 2099 603 2151 dum
625 2096 809 2160 ferunt,
848 2111 1060 2160 coeunt,
1092 2097 1173 2150 alii
1203 2099 1314 2167 post
1344 2110 1551 2167 partum.
1648 2103 1723 2151 Ex
1753 2099 2097 2168 gregatilibus,
2135 2121 2262 2174 quos
2286 2120 2376 2155 no-

482 2177 692 2237 minavi,
732 2171 878 2245 aliqui
899 2192 988 2243 per
1020 2174 1251 2240 conjugia
1279 2175 1463 2226 vivunt.
1572 2172 1767 2246 Reliqui
1791 2175 2000 2246 quidam
2017 2196 2200 2232 omnes
2230 2181 2378 2229 ctiam

486 2251 838 2316 conjugantur,
887 2247 967 2299 sed
996 2249 1122 2300 statis
1154 2245 1459 2315 temporibus
1492 2250 1542 2298 in
1571 2265 1777 2315 gregem
1809 2263 1992 2312 coeunt
2031 2270 2149 2302 cum
2177 2265 2376 2304 uterum

485 2337 685 2391 gerunt,
725 2336 806 2374 aut
825 2324 934 2392 post
956 2335 1180 2390 spartum,
1221 2334 1273 2371 ut
1293 2320 1408 2372 dixi.
1440 2345 1509 2360 —-·
1588 2321 1724 2374 'Bella
1755 2336 1901 2394 atque
1934 2327 2210 2378 inimicitias
2240 2344 2380 2378 exer-

486 2411 599 2449 cent
618 2399 829 2462 majores
863 2414 980 2446 cum
1011 2392 1315 2455 minoribus,
1354 2408 1402 2446 et
1424 2392 1669 2453 robustior
1698 2396 1902 2450 devorat
1935 2397 2241 2452 debiliorem.
2298 2405 2383 2451 IX,

494 2488 574 2534 37.
608 2488 787 2538 genera
825 2470 1030 2538 piscium
1071 2482 1171 2521 tam
1207 2466 1385 2521 stabilia
1413 2486 1562 2540 quam
1599 2488 1719 2538 vaga
1748 2467 2013 2539 (πλωτοὶ)
2052 2472 2173 2527 locis
2202 2474 2402 2538 iisdem,

481 2543 666 2616 quibus
690 2559 795 2597 orta
816 2545 923 2595 sunt
950 2557 1033 2595 aut
1051 2540 1282 2595 similibus
1306 2542 1518 2610 degunt,
1557 2544 1667 2597 suus
1690 2549 1822 2599 enim
1842 2551 2022 2618 cuique
2040 2547 2179 2602 cibus
2209 2548 2278 2601 ibi
2299 2551 2381 2601 est.

471 2622 756 2673 ,Carnivora
780 2621 993 2669 maxime
1015 2620 1245 2671 omnium
1268 2616 1521 2679 oberrant,
1555 2618 1777 2691 plerique
1798 2639 1917 2674 vero
1944 2623 2094 2692 pisces
2124 2642 2270 2676 carne
2298 2642 2382 2676 ve-

485 2695 710 2757 scuntur,
746 2707 939 2763 praeter
959 2709 1168 2761 paucas,
1203 2690 1353 2743 veluti
1382 2689 1650 2759 mugilem,
1689 2693 1895 2763 talpam,
1933 2695 2145 2750 mullum
2175 2712 2224 2750 et
2251 2697 2383 2749 chal-

491 2767 672 2820 cidem.
712 2797 783 2806 —
859 2772 937 2819 De
957 2769 1141 2834 Euripo
1161 2764 1375 2831 Pyrrheo
1399 2768 1553 2834 pisces
1571 2766 1742 2820 *hieme
1769 2785 1945 2822 omnes
1968 2785 2161 2823 enatant
2179 2786 2385 2842 *propter

491 2840 674 2909 sriguS,
722 2854 931 2910 excepto
964 2838 1211 2907 gobione,
1243 2852 1299 2891 ‘et
1326 2857 1440 2891 vere
1467 2839 1585 2893 illuc
1614 2841 1834 2894 redeunt.
1859 2871 1926 2885 —-
2015 2849 2196 2913 Vigent
2227 2846 2381 2915 pisces

490 2919 683 2985 ovipari
711 2919 838 2968 veris
869 2930 1120 2984 tempore,
1158 2913 1287 2966 dum
1324 2916 1537 2983 parianu
1588 2919 1790 2986 vivipari
1823 2931 2090 2982 autumno,
2140 2936 2200 2981 ut⁴
2234 2925 2382 2975 etiam

495 2989 734 3057 mugileS,
769 2989 908 3041 mulli
928 3003 978 3041 et
995 2987 1174 3058 reliqui
1197 2992 1388 3055 generis
1415 2989 1650 3054 ejusdem.
1744 2991 1900 3060 Apud
1929 2992 2148 3047 Lesbum
2180 2994 2384 3058 insulam

499 3069 666 3117 omnia
687 3079 787 3116 tam
805 3063 990 3134 pelagia
1012 3080 1190 3130 genera
1211 3079 1359 3133 quam
1373 3067 1538 3132 Euripi
1557 3063 1751 3117 incolae
1772 3083 1939 3135 parere
1953 3067 2108 3120 solent
2128 3073 2174 3121 in
2187 3072 2384 3137 Euripo.

504 3141 706 3191 Coeunt
726 3139 926 3210 quidem
939 3151 1218 3205 autumno,
1260 3139 1456 3206 pariunt
1478 3155 1603 3192 vere.
1688 3139 2000 3208 Cartilaginei
2022 3146 2167 3198 etiam
2186 3147 2382 3211 generis

2222 3233 2382 3271 mares
