2571 3775
428 348 537 390 200
1208 343 1508 368 m·
1523 363 1534 377 ·-

573 467 654 517 De
675 462 910 517 Generat.
935 464 968 514 1.
998 464 1048 514 6.
1096 462 1185 533 qui
1222 459 1421 515 testibus
1451 472 1643 522 carent,
1691 457 1808 517 ideo
1838 474 2034 525 carent,
2075 465 2335 535 quoniam

422 539 616 594 ,necess'e
646 552 773 600 erat,
813 535 1150 609 quocelerius
1183 539 1375 592 coitum
1406 549 1723 606 peragerent,
1779 536 1931 592 veluti
1956 538 2110 608 pisces
2147 552 2196 591 et
2224 540 2322 592 icr-

424 630 614 687 pentes.
708 612 861 665 Pisces
894 609 1111 682 partibus
1147 610 1331 680 supinis
1358 612 1633 674 gonuniffis
1665 613 1881 666 invicem
1922 627 2105 666 coeunt
2135 626 2185 666 et
2216 618 2321 667 cito

426 688 764 744 dissolvuntur.
799 683 1013 754 (Gazm
1065 684 1219 754 pisces
1249 688 1384 737 enim
1403 688 1708 739 incurrentes
1740 691 2009 755 attingunt,
2061 685 2342 743 ,absolvam--

427 780 605 836 turque
629 763 878 828 ocyffime.
921 776 1097 828 graece
1126 761 1615 833 παραπίπτοντες).
1691 762 1821 814 Nam
1842 776 1894 814 ut
1916 766 1966 814 in
1986 761 2255 816 hominum
2276 776 2328 817 et

426 837 679 905 *ejusmodi
717 838 950 888 omnium
984 850 1166 901 genere
1198 836 1365 885 semen
1394 833 1605 901 genitale
1635 836 1799 903 spiritu
1826 849 2021 890 retento
2061 841 2326 898 emittitur-3

428 914 493 968 fic
515 916 564 965 in
582 908 792 981 piscibus
811 912 935 962 mari
958 927 1062 962 non
1082 921 1285 978 recepto
1306 910 1557 969 emittitur,
1634 908 1792 962 Facile
1815 924 1982 964 autem
1994 926 2218 981 pereunt,
2243 912 2329 967 nifi

429 988 481 1042 id
501 986 685 1041 affidue
702 982 892 1038 faciant.
975 987 1141 1054 Itaque
1169 985 1227 1035 iis
1253 982 1421 1037 semen
1442 1001 1546 1036 non
1566 987 1902 1056 concoquitur
1924 989 2160 1055 tantisper
2174 1024 2189 1049 ,
2210 1006 2330 1040 cum

429 1075 645 1123 coeunt,
685 1074 738 1112 ut
753 1055 1060 1129 pedestribus
1088 1071 1134 1110 et
1152 1059 1404 1128 viviparis,
1455 1056 1539 1110 sed
1580 1061 1868 1128 tempestate
1894 1062 1993 1126 jam
2025 1060 2331 1114 concoistum

433 1140 691 1192 continent
719 1133 1026 1192 universum3
1075 1135 1139 1184 ita
1170 1146 1225 1184 ut
1261 1151 1367 1186 non
1400 1135 1629 1194 interim,
1674 1133 1797 1187 dum
1825 1134 1873 1187 se
1894 1138 2190 1204 contingunt
2209 1139 2332 1190 invi-

432 1231 574 1275 cem,
634 1220 922 1279 praeparent
979 1209 1197 1275 (ποιεῖν)
1249 1206 1334 1261 sed
1375 1205 1679 1260 concoclum
1721 1223 2046 1282 paratumque
2093 1214 2331 1264 emittant.

435 1283 785 1357 Quamobrem
804 1280 1004 1336 testibus
1027 1295 1218 1344 carent,
1258 1294 1554 1354 meatusque
1583 1281 1822 1353 simplices
1855 1298 1904 1339 et
1932 1282 2093 1338 rec'tos
2124 1283 2333 1348 habent,

434 1360 593 1435 qualis
615 1356 849 1430 particula
882 1356 1126 1428 quaedam
1150 1359 1277 1409 circa
1295 1359 1437 1410 testes
1471 1356 1850 1428 quadrupedum
1880 1360 1962 1412 est.
2012 1359 2345 1430 (epididymis'

439 1453 620 1506 nempe
641 1453 758 1486 cum
780 1430 932 1484 duclu
961 1429 1252 1497 deferente.)
1327 1435 1440 1484 Pars
1464 1435 1600 1484 enim
1623 1431 1770 1486 alte-ra
1793 1432 2008 1504 replicati
2036 1433 2213 1487 canalis
2235 1435 2339 1488 san-

436 1514 619 1581 guinea
642 1510 736 1571 est,
769 1524 878 1581 pars
894 1504 1046 1559 >altera
1065 1506 1298 1574 sang—uine
1318 1519 1476 1568 caret,
1528 1524 1657 1579 quae
1681 1511 1853 1578 recipit
1881 1522 1932 1561 et
1961 1505 2142 1578 perfert
2172 1509 2339 1562 semen

438 1583 728 1658 perfeffhim.
806 1586 970 1653 Itaque
992 1599 1111 1633 cum
1133 1584 1354 1649 genitura
1375 1597 1438 1634 eo
1459 1585 1707 1651 pervenit,
1757 1580 1979 1636 celeriter
2006 1596 2055 1636 et
2084 1582 2207 1636 haec
2237 1587 2347 1651 ani-x

440 1658 591 1715 malia
619 1657 981 1725 disjunguntur.
1079 1656 1151 1709 At
1190 1653 1402 1725 piscibus
1431 1654 1536 1710 talis
1577 1670 1711 1710 totus
1751 1658 1824 1709 est
1850 1671 2070 1720 meatus,
2110 1657 2263 1731 qualis
2291 1662 2342 1711 in

442 1735 652 1790 homine
675 1745 724 1786 et
740 1735 789 1784 ei
808 1728 1045 1787 similibus
1066 1728 1361 1784 animalibus
1378 1748 1488 1800 pars
1506 1728 1656 1784 altera
1685 1730 1866 1785 canalis
1896 1731 2132 1802 replicati.

597 1883 764 1951 Caput
796 1891 840 1940 8.
875 1877 1032 1933 Pisces
1050 1875 1218 1931 vulvas
1240 1873 1364 1930 infra
1391 1877 1584 1947 septum
1604 1877 1813 1942 habent,
1865 1892 1919 1933 ut
1950 1878 2110 1933 homo
2139 1893 2193 1933 et
2226 1897 2346 1952 qua-

444 1952 697 2027 drupedes
728 1957 946 2026 vivipari,
1059 1954 1215 2018 Cujus
1260 1949 1470 2005 fabricae
1517 1953 1655 2005 causti
1693 1952 1817 2006 haec
1860 1955 1941 2006 est.
2059 1955 2215 2008 Pisces
2249 1973 2347 2009 ova

451 2027 734 2103 imperfeff’ta
756 2032 1014 2089 emittunt,
1055 2044 1182 2098 quae
1204 2040 1347 2080 extus
1370 2028 1694 2098 perficiuntur
1708 2041 1761 2080 et
1786 2028 2021 2081 crescunt.
2097 2031 2178 2083 Est
2211 2033 2345 2083 enim

453 2109 554 2163 hoc
577 2122 733 2176 genus
754 2100 1180 2175 perfoecundum3
1217 2115 1364 2173 atque
1392 2120 1419 2154 a
1439 2115 1610 2156 natura
1638 2102 1699 2154 ad
1718 2103 1919 2156 seminis
1947 2107 2143 2176 copiam
2162 2098 2347 2158 fassum'

451 2196 510 2236 -ut
557 2180 763 2252 plantae.
896 2175 1054 2246 Qod
1116 2174 1152 2229 fi
1193 2179 1314 2229 intra
1368 2176 1417 2230 se
1466 2174 1630 2230 foetus
1680 2178 2006 2248 perficerent,
2047 2218 2050 2221 >
2088 2183 2348 2247 pauciores

456 2255 720 2311 neceffario
755 2253 983 2313 ederent3
1041 2269 1174 2303 nunc
1212 2269 1332 2304 vero
1359 2264 1434 2304 tot
1466 2254 1749 2313 continent,
1797 2265 1852 2314 ut
1895 2250 2034 2305 vulva
2068 2270 2225 2305 unum
2255 2253 2350 2306 esse

455 2331 680 2385 videatur
700 2347 858 2382 ovum
884 2330 935 2379 in
957 2328 1120 2396 parvis
1138 2324 1367 2378 videlicet
1387 2324 1613 2394 piscibus.
1724 2329 1794 2377 Hi
1825 2326 2093 2379 enim'fimt
2115 2331 2351 2380 omnium

460 2404 850 2464 foecundiffimi,
908 2414 961 2453 ut
993 2404 1044 2451 in
1085 2401 1290 2451 caeteris
1321 2417 1526 2471 quoque
1556 2413 1671 2452 tum-
1695 2399 1871 2471 plantis
1915 2413 2022 2452 tum
2061 2401 2353 2469 animalibus

457 2483 652 2541 evenit,
689 2494 905 2550 quorum
931 2488 1097 2528 natura
1118 2472 1283 2528 'similis
1304 2475 1386 2527 est.
1474 2476 1646 2529 Omne
1666 2478 1803 2528 enim
1816 2475 2174 2543 magnitudinis
2194 2480 2359 2530 incre-

460 2568 693 2610 mentum
708 2552 786 2605 his
813 2553 864 2602 in
886 2550 1081 2603 seminis
1103 2551 1300 2619 copiam
1322 2551 1537 2602 vertitur.
1561 2577 1630 2591 --
1716 2548 1907 2619 Qodfi
1926 2568 2019 2604 ova
2041 2554 2284 2605 contineri
2303 2555 2355 2605 in

465 2628 610 2684 vulva
638 2624 828 2680 nie-ceffe
856 2626 954 2687 est,
991 2621 1190 2677 vulvam
1220 2641 1424 2685 eorum,
1467 2641 1594 2696 quae
1626 2635 1719 2678 ova
1755 2624 1907 2677 edunt
1938 2622 2177 2695 perfec'ta,
2218 2625 2357 2680 fitam

466 2703 567 2758 effe
590 2702 650 2755 ad
672 2702 863 2772 septum
894 2697 1082 2752 neoeffe
1115 2699 1208 2758 est3
1255 2715 1433 2751 eorum
1460 2712 1656 2761 autem,
1699 2717 1828 2772 quae
1857 2696 2165 2768 imperfedla,
2213 2697 2360 2761 infra;

471 2783 535 2833 ita
570 2780 704 2830 enim
734 2777 888 2842 magis
922 2772 1149 2844 expedit3
1201 2785 1249 2824 et
1276 2772 1358 2824 sua
1384 2790 1506 2826 vero
1536 2787 1705 2827 natura
1732 2772 1877 2828 vulva
1906 2771 2048 2826 situm
2075 2771 2359 2828 inferiorem

470 2850 716 2925 postulare
750 2849 968 2911 videtur,
1008 2845 1094 2904 nifi
1119 2846 1258 2919 quod
1286 2844 1418 2899 aliud
1442 2860 1642 2900 naturae
1665 2866 1796 2918 opus
1829 2847 2077 2918 impediat.
2153 2846 2358 2903 Inferius

475 2930 625 2982 etiam
649 2926 756 2978 finis
777 2922 952 2976 vulvae
979 2936 1026 2975 et
1044 2925 1208 2975 ‘exitus
1229 2922 1324 2983 est,
1358 2920 1443 2974 ubi
1462 2940 1585 2976 vero
1605 2923 1715 2976 finis
1738 2924 1833 2984 est,
1880 2920 1946 2975 ibi
1966 2923 2192 2977 officium
2209 2927 2360 2994 partis

478 3004 718 3073 cujusque
736 3002 1008 3069 peragitur,
1047 2994 1192 3048 vulva
1212 2999 1360 3064 igitur
1381 2994 1450 3049 ibi
1473 2994 1553 3050 fita
1574 2997 1667 3059 est,
1718 2995 1802 3049 ubi
1827 3010 1985 3067 partes
2006 2998 2110 3051 suas
2132 3002 2247 3067 agit.
2310 3002 2364 3051 In

481 3074 584 3128 vhoc
607 3073 724 3127 loco
745 3091 869 3145 quae
891 3072 952 3124 de
976 3088 1243 3142 parvorum
1262 3070 1471 3140 piscium
1489 3070 1648 3124 vulvis
1673 3086 1925 3140 ponuntur
1945 3071 2115 3125 verba:
2161 3069 2259 3134 0355
2287 3071 2367 3130 30-

482 3157 594 3208 κεῖν
642 3143 735 3208 ω’ὂν
774 3146 908 3223 εἷίἀᾳ
946 3141 1043 3220 τήν
1073 3146 1262 3222 &sapora
1294 3143 1418 3225 ἕνγε
1469 3152 1579 3216 τοῖς
1611 3155 1813 3223 μακροῖς
1846 3145 2136 3226 ἰχθυδίοις,
2197 3163 2370 3272 ecpieg-

2248 3237 2308 3273 an
2344 3237 2370 3274 a
