2571 3775
460 349 562 401 150
1251 338 1545 364 ’'¹¹¹¹''—

456 465 599 520 locus
620 479 683 516 ex
707 455 1002 514 audior-itate
1023 454 1272 512 Codicum
1304 455 1544 527 legendus
1579 467 1629 510 et
1654 456 2044 530 interpretandus
2062 461 2149 516 est.
2191 466 2266 518 '11ss
2297 473 2351 528 ῐζ

459 558 565 596 mas
597 537 857 607 delphinus
889 532 1100 602 genitale
1130 531 1416 585 membrum
1444 534 1580 585 intus
1614 532 1776 586 habet.
1851 539 1928 588 III.
1956 554 1997 587 1.
2033 538 2184 591 testes.
2207 542 2347 599 intus,

461 615 521 672 ad
546 627 770 667 ventrem
787 607 935 666 habet
959 608 1097 670 ficos,
1127 607 1210 660 sed
1226 607 1289 660 de
1315 610 1544 659 Generat.
1566 611 1600 658 1.
1627 625 1668 670 3.
1714 607 1779 661 ad
1801 624 2082 663 extremum
2111 611 2204 666 alvi
2222 612 2341 673 fitos¹

459 694 551 745 ait:
584 706 687 758 cap.
717 704 794 738 12.
827 686 996 738 omnia
1024 696 1216 736 cetacea
1239 680 1437 734 testibus
1468 679 1692 734 instrufia
1718 686 1851 738 intus
1872 685 2050 739 habere
2080 685 2166 740 eos
2190 688 2339 740 addit.

462 782 570 835 cap.
601 781 677 827 13.
703 759 790 813 sub
821 758 912 811 alvi
946 760 1214 827 capacitate
1248 757 1388 808 testes
1415 754 1609 809 abditos
1642 756 1774 809 dicit.
1830 755 1958 824 (ὑπὸ
1988 755 2052 819 τὸ
2090 758 2341 840 περΐτῆν

466 838 711 921 γαστέρα
738 826 935 901 κύτος),
988 849 1014 884 a
1052 828 1252 900 testibus
1295 848 1398 882 non
1427 845 1619 883 meatus
1657 829 1824 902 quales
1860 834 2013 903 pisces
2044 836 2123 888 sed
2154 855 2340 908 penem

464 911 841 983 pertendentem
863 920 997 960 extra
1025 923 1203 978 corpus
1224 903 1373 957 habet
1392 918 1447 956 ut
1468 909 1591 958 tauri
1608 904 1724 957 ibid.
1749 924 1790 957 e.
1818 924 1863 968 3„
1934 912 1989 961 In
2008 908 2172 963 histor,
2193 916 2343 964 anim,

464 992 520 1041 II.
555 1007 572 1038 1
589 1004 634 1051 3.
673 981 931 1054 delphinus
953 984 1066 1053 quia
1085 984 1255 1037 vivum
1277 977 1454 1033 animal
1475 983 1613 1050 parit,
1651 998 1894 1035 mammas
1917 982 2035 1037 duas
2054 982 2220 1048 habet,
2259 985 2343 1038 sed

466 1079 572 1119 non
606 1064 656 1113 in
688 1059 934 1128 superiore
965 1059 1187 1127 ‚corporis
1206 1070 1341 1126 parte
1366 1053 1450 1106 sed
1473 1051 1679 1108 inferius
1700 1073 1857 1126 prope
1877 1058 2121 1126 pudenda.
2234 1063 2344 1112 Nec

463 1134 617 1193 habet
660 1131 741 1186 ille
771 1146 828 1184 ut
867 1130 1208 1203 quadrupedes
1236 1127 1431 1200 papillas
1470 1129 1782 1200 conspicuas,
1831 1131 1913 1184 sed
1950 1132 2086 1186 velut
2123 1131 2344 1187 alveolos

470 1211 598 1263 duos
626 1211 856 1279 utrinque
878 1210 930 1258 in
953 1202 1178 1259 lateribus
1202 1203 1347 1266 titos,
1385 1221 1412 1257 e
1435 1203 1616 1276 quibus
1647 1202 1722 1257 lac
1752 1208 1884 1267 fluit,
1924 1208 2062 1278 quod
2092 1226 2180 1261 ore
2209 1223 2345 1262 catu..

474 1285 640 1339 lorum
667 1280 953 1336 sectantium
985 1282 1253 1350 excipitur3
1303 1278 1453 1350 idque
1480 1281 1579 1345 jam
1606 1296 1632 1330 a
1664 1279 1917 1334 nonnullis
1946 1281 2214 1352 speciatum
2242 1281 2348 1336 fuit.

471 1356 681 1416 Plinius
701 1362 781 1409 XI.
800 1354 909 1409 sedi.
931 1362 1016 1421 96.
1059 1354 1275 1425 delphini
1303 1353 1443 1406 binas
1474 1357 1525 1405 in
1554 1357 1650 1406 ima
1679 1352 1792 1409 alvo
1819 1355 2020 1425 papillas
2041 1371 2232 1410 tantum
2251 1375 2348 1412 nec

471 1433 723 1487 evidentes
751 1444 801 1484 et
826 1430 1031 1502 paulum
1058 1434 1107 1483 in
1139 1428 1403 1500 obliquum
1431 1426 1708 1497 pori-edla&
1755 1448 1918 1503 neque
1951 1431 2080 1484 aliud
2098 1432 2276 1484 animal
2295 1436 2347 1485 in

469 1508 613 1561 cursu
645 1504 886 1560 lambitur.
995 1509 1048 1557 ΙΪ.
1081 1525 1099 1557 1
1117 1523 1159 1568 ς.
1198 1501 1577 1558 εΧέιηίωθΙῐὶως
1602 1507 1809 1558 marinis
1840 1504 2082 1575 pulmone
2108 1505 2352 1560 instructis

471 1581 736 1652 delphinus
760 1577 954 1636 felleum
975 1578 1181 1633 vesicam
1204 1597 1308 1632 non
1326 1575 1487 1632 habet.
1567 1577 1704 1632 Idem
1715 1582 1885 1650 repetit
1905 1579 1967 1633 de
1979 1580 2198 1636 Partibus
2211 1587 2289 1635 IV.
2305 1600 2352 1634 α.

476 1650 593 1711 Ossa
612 1654 761 1709 habet
779 1674 883 1727 non
898 1655 1068 1726 spinas.
1106 1658 1169 1707 H.
1190 1654 1255 1706 A.
1293 1657 1365 1705 III.
1391 1668 1440 1715 7.
1481 1664 1530 1707 et
1553 1651 1617 1705 de
1637 1653 1855 1707 Partibus
1877 1659 1933 1707 Π.
1957 1676 2005 1722 9.
2105 1655 2199 1710 Etfi
2235 1658 2352 1709 stre-

475 1735 609 1803 pitus
629 1744 857 1784 externus
878 1747 1054 1800 parvus
1075 1731 1170 1791 est,
1205 1731 1263 1781 iis
1284 1741 1451 1780 tamen
1477 1730 1562 1798 qui
1582 1727 1862 1781 demersum
1892 1733 1943 1781 in
1969 1749 2100 1802 aqua
2128 1731 2349 1785 auditum

477 1805 664 1862 habent
683 1809 838 1874 gravis
869 1822 1078 1873 magnus
1096 1818 1146 1856 et
1168 1800 1402 1856 molestus
1421 1799 1628 1863 accidit,
1665 1803 1803 1873 quod
1816 1802 2177 1873 delphinorum
2200 1809 2352 1858 etiam

473 1895 678 1951 captura
705 1878 1002 1948 intelligitur.
1118 1880 1255 1931 Cum
1290 1878 1424 1928 enim
1446 1875 1714 1948 piscatores
1746 1896 1832 1931 eos
1863 1877 2112 1933 confertos
2137 1883 2354 1932 circum-

479 1959 706 2009 venerint
725 1953 871 2007 alveis
891 1953 1008 2014 suiS,
1047 1950 1204 2005 subito
1225 1948 1356 2003 fac‘l‘o
1376 1951 1589 2018 strepitu,
1621 1951 1842 2004 efficiunt
1862 1967 1915 2005 ut
1941 1958 2095 2007 territi
2115 1956 2357 2023 effugiant-

481 2044 529 2084 et
559 2031 897 2100 impingantur
928 2025 1112 2079 inlitus
1132 2022 1368 2085 conferti,
1415 2021 1503 2075 ubi
1539 2025 1787 2094 stupentes
1818 2045 1880 2079 ex
1911 2030 2035 2082 sono
2067 2033 2353 2099 capiuntur;

480 2120 763 2177 quanquam
783 2120 846 2156 ne
869 2099 1093 2170 delphini
1113 2099 1318 2172 quidem
1347 2096 1506 2150 ullum
1537 2098 1728 2153 auditus
1763 2102 2140 2158 instrumentum
2169 2103 2354 2157 habent

479 2176 805 2234 manifestum.
851 2181 915 2228 H.
935 2177 999 2228 A.
1021 2178 1097 2227 IV.
1125 2187 1169 2233 8.
1215 2192 1307 2226 nec
1335 2169 1542 2226 olfaffius
1576 2176 1956 2229 instrumentum
1983 2177 2168 2231 habent
2199 2183 2355 2232 mani-

478 2251 673 2314 festum,
705 2250 960 2303 celerrime
983 2262 1150 2303 tamen
1171 2262 1220 2301 et
1240 2249 1469 2314 sagaciter
1486 2246 1776 2302 odorantur.
1830 2249 2037 2314 Ibidem,
2072 2251 2353 2322 Delphinus

481 2332 632 2381 etiam
653 2325 817 2379 stridet
835 2343 892 2375 ac
910 2327 1082 2383 mutit,
1122 2340 1239 2373 cum
1261 2324 1312 2373 in
1331 2338 1493 2373 aerem
1514 2323 1562 2373 se
1585 2323 1746 2387 effert,
1784 2324 1868 2376 sed
1889 2325 1975 2378 alia
1992 2330 2178 2380 ratione
2198 2341 2356 2398 quam

481 2402 648 2474 pisces.
758 2396 992 2468 Delphini
1023 2399 1159 2449 enim
1183 2413 1297 2448 vera
1329 2413 1428 2448 vox
1459 2397 1551 2457 est,
1589 2400 1704 2466 quia
1739 2396 2033 2466 pulmonem
2055 2414 2103 2454 et
2129 2406 2355 2454 arteriam

485 2476 702 2545 asperam
722 2471 895 2533 habet,
927 2470 1007 2523 sed
1025 2470 1242 2537 linguam
1262 2487 1364 2523 non
1387 2467 1620 2530 solutam,
1664 2490 1755 2524 nec
1781 2471 1904 2527 labia
1925 2474 2033 2528 talia
2063 2474 2240 2548 quibus
2263 2495 2354 2531 vo-

486 2568 600 2603 cem
623 2546 875 2621 articulare
898 2546 1054 2615 poffit.
1138 2549 1215 2596 IV.
1246 2563 1291 2609 9.
1343 2541 1661 2612 Cartilaginei
1686 2547 1841 2615 pisces
1869 2552 1932 2601 ita
1961 2551 2209 2604 interdum
2239 2551 2355 2604 dor-

486 2618 675 2684 miunt,
719 2638 772 2674 ut
790 2619 867 2672 vel
887 2638 1039 2672 manu
1057 2617 1316 2677 tollantur3
1355 2635 1472 2671 nam
1492 2618 1735 2688 delphini,
1760 2621 1997 2691 phalaena
2025 2640 2072 2677 et
2106 2643 2361 2696 quaecun-

487 2717 585 2763 que
617 2695 827 2749 fistulam
855 2714 947 2764 pro
987 2692 1227 2746 branchiis
1256 2689 1465 2754 habent,
1516 2694 1703 2746 exserta
1744 2696 1930 2759 fistula,
1968 2716 2070 2769 qua
2111 2699 2357 2768 respirant,

489 2766 766 2835 dormiunt,
805 2778 951 2840 atque
977 2770 1180 2820 interim
1207 2765 1376 2820 leviter
1405 2770 1578 2835 pinnas
1613 2784 1830 2824 movent.
1939 2777 2041 2824 Iam
2073 2774 2355 2826 stertentem

435 2878 438 2885 ·
487 2845 779 2916 delphinum
802 2842 1027 2898 nonnulli
1045 2842 1346 2894 audiverunt.
1438 2846 1522 2894 IV.
1553 2861 1630 2894 10.
1656 2847 1782 2897 Mira
1803 2845 1943 2898 tradit
1972 2847 2032 2899 de
2053 2847 2230 2901 somno
2252 2846 2355 2900 <lel-

486 2921 626 2991 pinni
643 2913 962 2974 Plutarchus
982 2917 1044 2970 de
1066 2916 1272 2970 Solertia
1294 2933 1338 2985 p.
1351 2930 1473 2980 979.
1504 2913 1559 2969 -et
1579 2935 1641 2970 ex
1662 2936 1724 2970 eo
1739 2915 1987 2973 Aelianus
2007 2926 2087 2974 XI.
2114 2940 2196 2973 ωε.
2236 2921 2360 2974 Del-·

491 2995 703 3064 phitium
724 2997 790 3045 ait
809 3012 926 3046 curn
952 2992 1184 3045 somnum
1205 2987 1309 3050 vult
1332 3006 1522 3058 capere,
1552 2995 1602 3043 in
1623 2993 1865 3045 summam
1888 2996 2049 3047 efferri
2076 3015 2270 3066 aquam,
2304 3010 2359 3048 ut

495 3064 625 3120 totus
650 3069 998 3136 conspiciatur,
1035 3065 1119 3118 ubi
1139 3083 1256 3117 cum
1277 3063 1639 3126 indormiverit,
1678 3065 1774 3120 leni
1797 3074 2019 3137 corporis
2042 3068 2359 3139 lapiirsenfim

492 3138 785 3197 adfundum
813 3145 961 3214 maris
993 3139 1170 3194 deferri
1208 3153 1459 3211 terraeque
1495 3143 1705 3211 impingi
1716 3161 1734 3203 5
1800 3144 1931 3199 unde
1961 3141 2361 3214 expergetastum

2185 3232 2365 3270 iterum
