2571 3775
301 314 403 410 523

443 469 600 524 Pisces
650 465 711 523 ab
748 465 887 540 aquis
927 464 1249 523 subterraneis
1290 469 1415 523 altos
1445 483 1591 542 atque
1621 469 1790 526 allatos
1823 469 1983 542 plures
2016 469 2252 529 veterum'-

294 552 588 617 scriptorum
609 541 858 615 pestiferos
881 557 1087 597 narrant.
1140 542 1412 599 Pliniusll.
1437 546 1546 598 secor.
1564 558 1643 610 89.
1667 546 1750 598 ubi
1772 546 1978 601 insistam
1999 551 2050 600 in
2072 550 2244 603 Tusco
2323 570 2325 572 ·

296 623 399 676 finu
420 619 578 673 subito
597 633 790 672 enatam
806 632 1068 679 memorat,
1098 636 1329 686 magnam
1343 623 1472 677 circa
1494 619 1624 672 illam
1646 622 1849 690 piscium
1870 621 2243 679 multitudinem

299 695 503 750 fluitaffe
525 699 618 756 ait,
657 708 707 745 et
727 688 985 745 confestim
1005 693 1264 762 expirasse,
1302 692 1484 766 quibus
1505 713 1567 747 ex
1588 694 1663 746 his
1689 694 1827 748 cibus
1849 694 2018 750 lhiffet.
2057 696 2244 752 Seneca

299 777 448 840 QN.
470 775 543 821 ΠΙ.
578 787 658 832 19.
690 770 819 819 circa
854 769 1124 832 Lorymam
1154 770 1327 822 Cariae
1361 767 1535 821 urbem
1557 769 1740 827 undam
1763 768 1921 824 subito
1943 772 2247 828 exsilientem

299 844 502 899 attulisse
524 839 667 894 refert
695 841 849 910 pisces
876 854 1015 893 antea
1041 844 1268 911 ignotOS‚
1309 860 1372 896 ex
1400 841 1556 912 longo
1580 846 1688 898 otio
1709 847 1946 917 purgum,
1986 867 2113 922 quos
2136 852 2246 921 qui-

298 937 495 992 cunque
515 915 743 978 edissent,
783 914 987 987 periiffe.

1098 1035 1184 1087 Ad
1215 1052 1324 1108 pag.
1360 1048 1444 1098 35.

450 1132 536 1187 Ad
567 1132 684 1184 scari
718 1143 941 1182 naturam
963 1148 1220 1202 genusque
1244 1131 1580 1200 indagandum
1607 1129 1734 1186 forte
1761 1131 1873 1188 facit
1895 1135 2032 1207 quod
2053 1131 2250 1189 Arche-

288 1209 492 1283 stratzts
513 1221 659 1277 poeta
679 1205 808 1276 apud
833 1200 1148 1259 Athenaeum
1169 1212 1212 1259 V
1216 1211 1266 1258 ΙΙ.
1288 1224 1334 1275 p.
1366 1225 1481 1269 320.
1504 1211 1826 1279 Byzantinum
1847 1211 2035 1263 scarum
2055 1225 2250 1278 tergore

300 1303 472 1356 parem
492 1280 602 1336 facit
623 1282 759 1333 scuto
781 1279 1024 1339 rotund03
1063 1280 1262 1350 (aspidi)
1289 1281 1428 1352 quod
1449 1281 1532 1334 nifi
1564 1286 1615 1334 in
1635 1280 1818 1351 piscem
1841 1284 2044 1355 planum
2067 1303 2249 1339 conve-

302 1365 407 1413 nire
444 1376 545 1410 non
577 1356 779 1408 videtur.
871 1358 1115 1406 Dentium
1145 1359 1292 1407 etiam
1328 1355 1594 1408 molarium
1630 1355 1895 1414 fimilitudo
1929 1361 2048 1432 spari
2080 1363 2247 1428 generi

300 1431 404 1489 fere
428 1435 519 1486 toti
547 1431 831 1485 communis
851 1447 953 1483 non
975 1427 1083 1483 leve
1104 1433 1298 1497 generis
1327 1429 1574 1485 indicium
1596 1431 1809 1502 praebet.

1083 1559 1168 1613 Ad
1197 1577 1307 1630 pag.
1340 1573 1457 1620 108.

446 1660 501 1709 In
521 1656 918 1726 interpretatione
932 1652 1034 1709 loci
1050 1651 1369 1726 Aristotelici
1387 1659 1529 1710 HA.
1551 1661 1624 1710 111.
1645 1677 1721 1720 17.
1755 1653 2006 1712 Alberc'us
2030 1677 2075 1730 p.
2103 1675 2183 1721 52.
2203 1657 2261 1711 b..

304 1732 543 1786 interserit
578 1729 821 1801 quaedam
853 1730 914 1782 de
941 1733 1108 1795 jecore
1147 1745 1195 1787 et
1228 1730 1356 1784 liene
1393 1731 1627 1801 piscium,
1665 1750 1792 1802 quae
1817 1733 1949 1784 unde
1979 1732 2122 1786 dudia
2147 1732 2251 1793 fint,

307 1810 501 1875 ignoro.
581 1810 778 1874 Operae
805 1817 970 1855 tamen
1002 1807 1216 1873 pretium
1248 1803 1342 1856 effe
1366 1816 1514 1874 puto,
1547 1823 1601 1858 ea
1635 1804 1734 1857 huc
1767 1804 2019 1860 transferre
2040 1812 2090 1860 in
2112 1810 2253 1860 usum

305 1879 516 1934 ledioriS.
591 1879 758 1938 Licet,
796 1879 978 1948 inquit,
1008 1876 1271 1945 gressibilia
1295 1892 1345 1931 et
1363 1878 1575 1932 volatilia
1596 1878 1746 1949 hepar
1768 1879 1977 1934 habeant
2005 1886 2054 1934 in
2076 1882 2254 1934 dextro

306 1969 358 2008 et
378 1955 593 2025 splenem
615 1956 660 2004 in
684 1949 892 2013 finistro,
931 1965 1095 2004 tamen
1117 1970 1145 2005 e
1165 1952 1405 2006 converso
1436 1952 1590 2005 multi.
1608 1954 1761 2023 pisces
1795 1958 2136 2018 inveniuntur,
2169 1960 2256 2027 qui

305 2029 456 2100 hepar
496 2025 676 2081 habent
718 2029 770 2078 in
813 2023 997 2080 finistro
1046 2041 1092 2079 et
1138 2025 1357 2096 splenem
1408 2031 1457 2080 in
1505 2027 1712 2089 dextro,
1777 2027 1898 2082 ficut
1937 2029 1987 2082 hi
2028 2035 2114 2103 qui
2153 2029 2253 2098 lxyli

307 2117 546 2158 vocantur
573 2101 636 2154 de
671 2118 883 2154 numero
918 2101 1127 2170 piscium
1157 2101 1481 2155 marmorum.
1557 2102 1703 2155 Multi
1726 2107 1872 2156 etiam
1900 2106 2050 2175 pisces
2072 2105 2255 2164 habent

307 2178 524 2250 splenem
544 2176 682 2246 super
703 2176 951 2236 intestina3
982 2189 1032 2228 et
1059 2175 1302 2247 quaedam
1326 2194 1504 2244 genera
1525 2175 1706 2230 habent
1728 2178 1933 2231 divisum
1951 2178 2168 2249 splenem
2192 2179 2254 2233 ad

306 2269 567 2325 utramque
590 2264 780 2320 partem
804 2248 1022 2319 splenem
1042 2249 1279 2304 habentes
1293 2288 1306 2313 ,
1344 2250 1463 2303 ficut
1485 2252 1726 2322 quaedam
1748 2256 1883 2319 nigra
1904 2271 2082 2320 genera
2108 2258 2254 2307 mari-

309 2346 519 2388 norum,
569 2343 693 2396 quae
725 2327 924 2377 corvina
955 2339 1208 2377 vocantur.
1293 2325 1557 2393 Qiaedam
1589 2329 1735 2378 etiam
1773 2330 1826 2378 in
1855 2326 2008 2381 tribus
2039 2328 2254 2399 partibus

310 2401 517 2462 habent,
557 2400 617 2453 ab
638 2414 850 2471 utroque
884 2398 1115 2451 videlicet
1141 2397 1290 2458 latere
1314 2414 1364 2452 et
1387 2413 1498 2452 ante
1516 2414 1740 2454 ventrem
1761 2404 1810 2453 in
1834 2402 2005 2457 medio
2026 2402 2252 2466 laterum,

312 2476 430 2531 ficut
450 2476 498 2528 id
521 2473 658 2546 quod
679 2473 822 2526 celeti
839 2472 1056 2540 (selache
1076 2474 1221 2537 dicit)
1251 2488 1472 2528 vocatur.

459 2554 647 2602 Verum
681 2551 892 2602 omnino
926 2550 992 2602 est
1026 2552 1074 2600 in
1095 2547 1303 2619 piscibus
1329 2547 1650 2617 cartilagineis
1672 2548 1875 2603 velutin
1894 2549 2069 2622 squalis
2088 2565 2138 2603 et
2160 2553 2257 2604 stu-

313 2630 453 2679 rione
478 2623 658 2676 lienem
680 2626 731 2674 in
750 2622 914 2692 plures
944 2637 1104 2693 partes
1136 2623 1407 2692 separatum
1435 2626 1664 2693 reperiri,
1699 2638 1752 2677 ut
1779 2629 2031 2678 annotavit
2056 2622 2255 2678 Mowro

313 2698 514 2769 Phyliol.
538 2698 745 2750 Piscium
769 2717 813 2767 p.
838 2715 921 2763 44.
951 2698 1069 2749 vers
1094 2715 1249 2765 germ.
1325 2698 1495 2768 Atque
1527 2697 1650 2749 haec
1685 2696 1864 2751 fabrica
1891 2697 1993 2752 fere
2017 2698 2254 2752 omnibus

316 2779 462 2836 cetis,
502 2772 674 2842 phocis
707 2770 1097 2843 animalibusque
1130 2775 1365 2842 aquatici-s
1398 2785 1445 2824 et
1480 2775 1679 2825 marinis
1713 2770 1939 2841 perfeffls
1971 2777 2255 2827 communis

320 2851 421 2903 ess'e
438 2850 692 2918 reperitur,
717 2865 832 2899 cum
856 2846 1053 2900 renibus
1078 2845 1398 2915 complanatis
1414 2860 1460 2901 et
1481 2846 1626 2899 dorso
1645 2846 2036 2901 adhaerentibus.

467 2922 612 2984 Jecur
635 2920 1012 2992 quadrupedum
1032 2925 1351 2991 oviparorum
1371 2935 1421 2972 et
1441 2917 1647 2988 piscium
1674 2920 1998 2990 plurimorum
2019 2920 2257 2992 pallidum

321 2997 521 3057 colore}
559 2995 853 3067 quibusdam
871 2998 1019 3048 etiam
1038 2998 1249 3048 omnino
1269 2994 1455 3046 malum
1475 2995 1559 3046 seu
1579 2999 1785 3047 noxium
1808 2996 1920 3057 effe,
1945 3015 2061 3048 cum
2087 2995 2258 3068 reliqui

323 3075 543 3139 corporis
574 3083 970 3139 temperamento
1014 3068 1146 3122 malo
1190 3072 1441 3121 annotavit
1484 3065 1775 3136 Aristoteles
1813 3069 1875 3122 de
1913 3076 2030 3122 Part.
2065 3075 2138 3121 ΠΙ.
2179 3089 2258 3131 13.

322 3142 575 3213 Exemplis
612 3145 896 3207 testudinis,
934 3142 1135 3196 rubetae
1158 3157 1206 3196 et
1224 3141 1463 3197 similium
1490 3142 1668 3213 positis.
1726 3147 1991 3199 Terrestris
2013 3144 2259 3197 testudinis

2126 3220 2262 3282 jecur
