2571 3775
212 1018 295 1064 No.
331 1036 391 1069 10.

404 314 489 353 ,10
1201 307 1493 335 m—

421 416 570 481 chum
593 423 815 481 usualiter
838 424 1045 491 vocant,
1076 445 1227 500 quem
1255 420 1456 500 quidam
1479 419 1696 491 numen,
1739 426 1942 501 quidam
1970 420 2136 483 autem·
2158 427 2301 484 klane

419 515 635 561 vocant3
683 516 731 555 et
758 501 838 556 ille
860 506 943 576 qui
963 517 1168 555 vocatur
1186 497 1407 572 basma,
1455 516 1504 554 et
1522 505 1606 573 qui
1627 518 1831 556 vocatur
1852 505 1992 566 naso,
2031 508 2115 577 qui
2146 506 2216 557 est
2246 508 2297 557 in

420 579 557 646 aquis
576 575 789 628 Danubii
814 590 861 629 et
883 577 946 628 de
967 576 1039 629 his
1060 577 1167 628 sum
1187 575 1284 645 ipse
1306 589 1538 645 expertus
1556 576 1696 648 quod
1712 574 2095 650 frequentissime
2115 577 2297 648 lapides

421 648 603 702 habent
620 653 670 701 in
689 649 892 703 cerebro
915 663 960 702 et
981 650 1088 722 sunt
1107 649 1222 703 albi:
1256 647 1341 702 ubi
1361 668 1452 719 pro
1484 665 1661 703 numen
1682 646 1835 704 Conr.
1860 649 2054 723 Gesner
2077 650 2295 724 Aquatil.

420 741 468 793 p.
493 729 614 787 645.
652 722 942 776 emendabat
966 721 1163 777 Malene.
1247 723 1342 775 Sed
1364 721 1556 777 fortasse
1585 723 1653 776 ibi
1674 722 1788 777 latet
1820 725 2119 779 Coloniense
2148 744 2298 781 voca-

420 795 597 849 bulum
615 794 832 860 Mutine,
862 797 999 868 quod
1025 794 1215 868 Gesner
1245 801 1295 850 in
1319 797 1701 868 Paralipomenis
1732 799 1900 862 affert,
1932 815 1980 852 et
2000 797 2190 854 Artedz'
2219 805 2295 854 in-

417 868 487 924 fra
508 870 568 921 ad
591 888 670 925 110.
701 888 777 922 10.
859 876 947 926 De>
966 872 1081 925 nasi)
1119 869 1430 925 auetoritates
1459 871 1574 927 alias
1606 872 1720 927 vide
1752 873 1883 944 apud
1911 871 2206 946 Frffcltium
2246 879 2298 928 in

414 948 619 997 Δ13011100.

570 1012 808 1088 Squalm.
861 1014 926 1072 V
918 1035 1044 1071 arro
1067 1018 1128 1087 de
1148 1021 1219 1072 Re
1257 1020 1430 1073 rustica
1451 1023 1523 1071 III.
1549 1037 1592 1082 3.
1637 1019 1678 1089 ᾗ.
1700 1040 1748 1086 9.
1786 1023 1894 1092 quis
1923 1019 2131 1072 habebat
2159 1021 2297 1090 pisci-

422 1109 540 1145 nam
572 1089 669 1146 nifi-
686 1090 885 1144 dulcem
917 1106 965 1145 et
993 1097 1048 1159 in
1069 1110 1125 1145 ea
1153 1093 1390 1147 duntaxat
1409 1092 1605 1166 squalos
1636 1112 1694 1146 ac
1721 1093 1932 1163 mugiles
1951 1095 2116 1164 pisces.
2193 1093 2297 1146 Ubi

423 1165 665 1219 editiones
685 1167 896 1218 vetustae
921 1181 1130 1239 quatuor
1138 1165 1324 1238 scaros
1345 1171 1631 1227 nominant3
1700 1165 1967 1222 Columella
1996 1173 2110 1220 VIII.
2149 1175 2226 1218 16.
2258 1189 2295 1220 1.

421 1244 507 1312 qui
530 1254 690 1310 aperte
713 1238 770 1292 ad
798 1238 967 1293 locum
991 1245 1218 1295 Varronis
1238 1241 1519 1312 respiciebat
1539 1245 1733 1295 animo:
1772 1260 1905 1304 nam,
1927 1245 2107 1314 inquit,
2145 1256 2193 1295 et
2213 1242 2297 1294 ha-

421 1329 534 1366 rum
565 1314 714 1366 studia
743 1331 908 1366 rerum
931 1316 1147 1381 ⁴majores
1178 1318 1326 1370 nostri
1356 1314 1749 1377 celebraverunt,
1805 1316 1933 1370 adeo
1968 1317 2197 1389 quidem,
2242 1331 2296 1369 ut

420 1391 569 1441 etiam
602 1386 824 1440 dulcibus
856 1392 992 1459 aquis
1020 1393 1236 1443 marinos
1271 1389 1555 1442 clauderent
1587 1390 1766 1459 pisces,
1813 1404 1958 1462 atque
1979 1391 2154 1444 eadem
2178 1408 2296 1443 cura

418 1461 662 1529 mugilem
691 1462 975 1533 scarumque
1000 1467 1262 1524 nutrirent3
1303 1482 1397 1535 qua
1427 1482 1563 1516 1111110
1594 1481 1829 1517 muraena
1850 1480 1898 1517 et
1917 1463 2059 1535 lupus
2083 1466 2298 1518 educan-

418 1548 499 1588 tur
522 1565 587 1578 -.—·
626 1554 728 1588 non
751 1535 908 1588 solum
930 1537 1158 1608 piscinas,
1198 1556 1316 1610 quas
1336 1536 1420 1607 ipfi
1450 1539 1847 1601 construxerant,
1887 1539 1969 1592 sed
1991 1543 2139 1593 etiam
2169 1558 2297 1612 quos

419 1610 587 1661 rerum
617 1623 783 1661 natura
817 1610 952 1663 lacus
980 1609 1185 1673 fecerat,
1230 1610 1482 1665 conveffls
1508 1616 1706 1665 marinis
1734 1612 1999 1666 seminibus
2030 1613 2296 1684 replebant.

418 1683 538 1735 Inde
554 1683 755 1736 Velinus
781 1715 835 1722 —
881 1682 1023 1754 lupos
1054 1700 1339 1757 auratasque
1359 1700 1698 1755 procrearunt,
1737 1704 1794 1738 ac
1815 1685 1848 1738 fi
1871 1705 1963 1758 qua
1987 1688 2094 1739 sunt
2114 1688 2201 1740 alia
2222 1692 2295 1757 pi-

420 1757 574 1809 scium
596 1774 770 1825 genera
795 1755 950 1812 dulcis
973 1776 1125 1830 aquae
1149 1758 1415 1812 tolerantia.
1501 1763 1731 1832 Denique
1763 1761 1855 1829 ipsa
1887 1764 2117 1814 Varronis
2145 1761 2294 1815 verba

421 1831 663 1902 quaedam
693 1830 852 1892 addit,
896 1846 949 1885 ut
972 1835 1187 1894 constet,
1228 1851 1347 1885 eum
1377 1832 1548 1886 10011111
1569 1837 1786 1903 priorem
1807 1837 1856 1885 in
1877 1839 2046 1888 animo
2063 1835 2294 1889 habuiffe.

421 1906 474 1956 111
505 1901 772 1959 Colzmzella
811 1908 956 1972 igitur
988 1906 1228 1960 editiones
1252 1921 1350 1961 tres
1371 1909 1582 1960 vetustae
1612 1905 1921 1979 proscczrztm
1953 1908 2135 1963 habent
2138 1907 2294 1980 scau-

421 1991 552 2030 rum.
631 1982 783 2045 Igitur
802 1983 952 2031 variat
972 1978 1118 2034 leetio
1137 1984 1187 2032 111
1215 1977 1460 2034 Varrone
1482 1985 1630 2034 etiam
1648 1986 1772 2034 inter
1775 1979 2054 2052 squaleant,
2079 1981 2293 2054 scarum

422 2065 472 2103 et
481 2048 742 2121 scaurum.
821 2053 916 2105 Sed
940 2069 1184 2123 praeterea
1206 2058 1251 2105 in
1276 2052 1542 2108 Columella
1562 2055 1801 2107 editiones
1823 2069 1918 2108 tres
1940 2058 2151 2110 vetuffie
2175 2076 2295 2110 cum

425 2125 616 2178 Codice
649 2131 844 2195 optimo
871 2126 1092 2180 Politiani
1123 2143 1172 2181 et
1199 2128 1610 2195 Lai-igermanenfi
1640 2128 1846 2182 habent:
1885 2125 2113 2183 dulcibus
2142 2129 2295 2200 aquis

410 2195 695 2269 fluviatiles
714 2221 729 2250 t.
739 2197 1000 2254 laudarent
1012 2199 1188 2272 pisce&
1269 2203 1363 2254 Sed
1385 2202 1501 2254 huic
1522 2201 1721 2255 106110111
1740 2203 1900 2255 sensus
1927 2207 2077 2257 totius
2097 2203 2195 2257 loci
2216 2224 2294 2257 re-

425 2287 633 2342 pugnat3
673 2272 886 2345 loquitur
909 2278 1041 2325 enim
1056 2275 1235 2346 ubique
1257 2275 1317 2329 de
1337 2274 1543 2345 piscibus
1563 2279 1761 2328 marinis
1774 2272 2052 2330 Columella.
2128 2282 2296 2332 Locus

427 2347 495 2398 est
515 2344 783 2415 praeclarus
808 2344 976 2401 Pliwiz'
994 2353 1076 2400 IX.
1108 2348 1217 2401 secft.
1242 2368 1323 2414 29.
1418 2353 1618 2412 Scarus,
1653 2353 1834 2420 inquit,
1877 2350 2142 2421 Carpathio
2171 2357 2296 2408 mari

429 2424 646 2472 maxime
668 2417 895 2492 frequens
917 2450 980 2461 *-
1049 2421 1165 2474 Inde
1187 2420 1417 2492 advedios
1438 2422 1647 2477 Tiberio
1671 2423 1881 2477 Claudio
1900 2429 2118 2496 principe
2139 2429 2294 2497 Opta-

427 2507 506 2545 tus
533 2493 787 2563 Elipertius
814 2493 1084 2564 praefeci-us
1113 2495 1266 2550 claffis
1297 2501 1420 2550 inter
1451 2498 1723 2551 Ostiensem
1743 2512 1791 2550 et
1823 2500 2118 2569 Campaniae
2151 2519 2294 2555 oram

427 2567 608 2636 sparsos
631 2567 961 2622 disseminavit.
1039 2574 1397 2643 Quinquennio
1421 2569 1521 2625 sere
1554 2590 1669 2624 cura
1699 2574 1766 2624 est
1792 2572 2032 2636 adhibita,
2082 2588 2136 2626 ut
2167 2579 2292 2645 capti

427 2641 747 2694 redderentur
783 2647 919 2696 mari.
1028 2646 1196 2698 Postea
1226 2643 1504 2717 frequentes
1530 2649 1835 2716 reperiuntur
1861 2646 2019 2701 Italiae
2047 2651 2098 2701 in
2132 2648 2292 2712 litore,

426 2731 528 2767 non
549 2730 687 2768 antea
704 2715 771 2768 ibi
793 2721 930 2788 capti.
980 2721 1051 2769 Ex
1070 2718 1163 2770 hac
1185 2722 1329 2787 igitur
1349 2724 1645 2782 narratione,
1673 2724 1753 2773 cui
1773 2725 2005 2773 convenit
2023 2718 2292 2777 Columella

423 2790 539 2840 VIII.
573 2797 648 2841 16.
679 2810 754 2843 10.
794 2789 1026 2859 arguebat
1053 2790 1267 2860 [srſsnus
1287 2791 1770 2865 lec‘lionemfim‘mn
1790 2797 1841 2846 in
1864 2792 2155 2849 Columellae
2175 2796 2294 2851 1000

422 2858 584 2915 falsam
606 2863 729 2925 esse3
778 2865 934 2918 scarus
957 2869 1088 2918 enim
1111 2881 1218 2919 tum
1239 2872 1470 2921 Varronis
1501 2881 1583 2919 aut
1612 2866 1964 2940 antiquioribus
1987 2870 2294 2940 temp-oribus

423 2935 580 2989 Italiae
600 2942 797 3006 ignotus
815 2942 989 3010 piscina
1011 2940 1141 2993 dulci
1164 2960 1265 2994 non
1287 2939 1446 3011 potuit
1463 2940 1660 2994 includi.
1734 2948 1898 3012 Itaque
1928 2940 2141 3012 Urstmts
2157 2946 2295 3016 squa-

424 3007 528 3060 lum
549 3010 779 3079 praefert,
812 3032 964 3086 quem
984 3018 1131 3067 etiam
1145 3019 1189 3066 in
1205 3032 1367 3068 vetere
1389 3015 1553 3088 aliquo
1565 3016 1757 3070 Codice
1773 3019 1996 3084 reperisse
2017 3021 2211 3071 testatur
2232 3019 2294 3070 se.

422 3078 628 3138 Plinii-ss
647 3086 834 3160 squalos
855 3087 1109 3164 aliquoties
1130 3104 1509 3147 commemorat.
1604 3093 1671 3144 Ita
1689 3093 1770 3147 IX.
1801 3088 1912 3145 sedi.
1935 3111 2022 3158 40.
2056 3093 2118 3147 de
2140 3091 2294 3164 planis

2153 3180 2294 3222 caru-
