2571 3775
224 455 316 515 bus
356 463 493 534 aquis
533 458 684 532 plane
712 468 1019 529 repugnaret.
1127 457 1330 508 Horum
1368 472 1611 522 generum
1648 452 1851 514 notitias*
1882 461 2127 517 debemus

231 533 478 591 Varroni
495 550 541 588 et
562 529 880 596 Columellae‚
920 531 982 582 de
1010 547 1061 582 re
1084 531 1259 582 rustica
1279 528 1631 593 scribentibus,
1672 533 1754 586 etfi
1776 539 1860 605 qui
1881 531 1960 590 alii
1981 535 2127 590 luxu-

227 613 325 663 riae
358 626 591 663 ΥΟΠἸΗΠΣΙθ
610 606 913 660 documenta
939 618 1207 658 narrarunt.

370 722 449 771 De
462 734 620 788 aquae
643 729 1038 786 temperamento
1059 733 1123 768 eo
1146 713 1510 786 quodpiscium
1527 726 1726 766 naturae
1744 713 1799 766 fit
1819 728 2006 786 aptum,
2036 728 2125 772 ei<-

222 795 343 846 stant
372 795 517 844 etiam
537 804 759 843 veterum
778 791 1072 860 scriptorum
1100 791 1430 849 narrationes,
1466 788 1546 839 sed
1578 787 1840 852 obscurae,
1871 790 2010 845 nullo
2031 812 2121 846 nu-

218 885 362 919 mero
395 868 648 918 rationeve
671 865 917 932 definitae.
994 869 1061 916 Ita
1078 860 1318 916 Aelianus
1343 867 1471 915 XIV.
1500 881 1562 928 19
1593 866 1643 914 in
1663 861 1815 930 Libya
1838 863 1999 919 lacum
2026 865 2122 921 fer-

217 939 375 1014 ventis
405 957 558 1010 aquae
591 938 684 991 effe
715 942 807 1001 ait,
859 942 910 991 in
941 957 1043 1010 quo
1074 938 1229 1008 pisces
1260 936 1371 989 laeti
1406 939 1594 998 vivant,
1642 937 1722 989 sed
1757 937 1957 992 ex-trac'ti
1995 957 2042 995 et
2069 947 2121 996 in

215 1032 399 1084 aquam
428 1012 656 1081 frigidam
682 1011 895 1079 conjeffii
926 1017 1213 1068 moriantur.
1291 1012 1464 1080 Atque
1485 1013 1547 1061 ita
1579 1013 1626 1061 in
1655 1029 1742 1064 eos
1778 1019 2014 1067 convenit
2046 1017 2119 1069 di-

219 1087 356 1140 {tum
377 1080 722 1159 Xewoplzmzis
755 1105 781 1138 a
803 1082 1090 1140 Plutarcho
1119 1084 1327 1138 relatum
1356 1097 1526 1136 contra
1562 1088 1755 1138 Stoicos
1786 1105 1831 1156 p.
1863 1102 2000 1152 1084
2033 1095 2120 1161 qui

218 1180 335 1214 cum
357 1161 527 1232 aliquis
561 1175 775 1214 narraret
796 1161 843 1212 se
876 1161 928 1211 in
949 1179 1075 1232 aqua
1104 1159 1257 1212 calida
1279 1161 1498 1212 viventes
1533 1158 1767 1227 anguillas
1797 1161 1988 1224 vidiffe,
2028 1166 2117 1217 sta-

215 1236 306 1289 tim
334 1235 564 1300 subjecit‚
595 1239 645 1287 in
674 1234 845 1303 frigida
874 1237 1023 1302 igitur
1048 1252 1128 1287 eas
1155 1251 1373 1305 coquere
1395 1230 1571 1285 licebit.
1647 1238 1702 1287 In
1724 1234 1891 1289 multis
1915 1235 2118 1293 Africae

215 1310 424 1363 thermis
454 1308 716 1380 pisciculos
749 1313 913 1362 vivere
943 1309 1063 1361 vidit
1092 1303 1257 1362 Sham
1280 1310 1514 1360 Itinerarii
1556 1324 1665 1377 pag.
1700 1327 1813 1374 134.
1840 1317 1953 1376 169.
1988 1331 2116 1384 quos

215 1403 385 1455 percas
418 1398 469 1437 et
504 1383 682 1437 barbos
716 1387 954 1454 nominat.
1068 1387 1121 1435 In
1162 1380 1341 1434 insulae
1368 1386 1548 1454 Lucon
1587 1385 1728 1453 aquis
1761 1383 1927 1438 calidis
1960 1388 2114 1456 pisces

214 1473 433 1512 natantes
457 1478 574 1511 cum
595 1457 766 1527 plantis
787 1461 978 1525 vegetis
1001 1457 1126 1509 vidit
1145 1453 1403 1510 Sonam-at
1432 1460 1482 1508 in
1502 1459 1669 1525 priore
1693 1461 1948 1513 itinerario
1980 1480 2027 1531 p.
2048 1481 2112 1525 17

215 1533 333 1586 vers
352 1551 507 1602 germ.
529 1537 686 1585 Ranas
717 1537 766 1584 in
788 1531 992 1584 thermis
1015 1532 1191 1584 Pisanis
1223 1531 1459 1598 degentes
1486 1547 1852 1585 commemorat
1871 1531 2112 1605 Spallan-

209 1608 340 1661 zani
361 1606 638 1678 Opuscules
671 1607 732 1660 de
762 1605 996 1677 Phyfique
1024 1604 1232 1658 animale
1269 1608 1338 1657 T.
1357 1610 1390 1656 Ι.
1423 1624 1569 1675 p.55.
1625 1605 1771 1661 Conf.
1805 1611 1952 1660 etiam
1995 1609 2111 1664 ibid.

209 1700 256 1751 p.
291 1700 403 1733 101.
497 1685 674 1734 Genus
703 1680 904 1733 buccini
932 1684 984 1732 in
1012 1678 1366 1734 ferventiffimo
1399 1681 1576 1748 Aponi
1603 1676 1741 1733 fonte
1769 1685 1974 1736 viventis
2000 1687 2110 1754 post

210 1752 583 1809 Guilawdiamm
614 1770 664 1808 et
691 1752 754 1808 V
748 1750 994 1807 andellam
1022 1768 1271 1806 memorat
1291 1751 1523 1823 Strange
1552 1773 1653 1806 von
1676 1754 1772 1808 den
1801 1756 2109 1812 saeuienarti-

208 1848 307 1897 gen
329 1829 600 1898 Gebiirgen
622 1830 708 1882 des
731 1827 1127 1881 venetianischen
1148 1826 1370 1881 Gebiets.
1387 1826 1704 1896 Heidelberg,
1742 1843 1892 1894 1780.
1922 1852 1967 1903 p.
1991 1852 2107 1897 152.

206 1907 260 1955 In
299 1908 438 1976 aquis
473 1903 640 1957 calidis
678 1901 1157 1974 Aquisgranenfibus
1190 1903 1341 1972 pisces
1380 1899 1600 1955 foriones
1649 1917 1698 1955 et
1734 1907 1896 1958 tincae
1937 1911 2111 1962 vivere‘

209 1978 440 2031 dicuntur
469 1997 496 2030 a
526 1977 719 2040 multis,
755 1979 978 2048 inprimis
1011 1980 1060 2029 in
1081 1975 1207 2029 libro
1227 1973 1552 2046 Amufimwm
1585 1973 1670 2030 des
1694 1994 1829 2031 eaux
1858 1977 2024 2035 d'Aix
2053 1980 2105 2036 la

208 2049 440 2124 Clzapelle
466 2057 532 2104 T.
554 2058 587 2105 Ι.
625 2063 808 2122 p.238.
882 2054 1114 2122 Denique
1144 2049 1315 2103 aufio'r
1345 2049 1451 2102 libri
1481 2049 1543 2102 de
1573 2064 1741 2104 natura
1775 2071 1939 2106 rerum
1972 2057 2106 2126 apud

213 2123 541 2181 Vincentimn
565 2132 673 2178 XX.
698 2131 900 2195 cap.66.
924 2129 986 2177 ita
1009 2125 1172 2177 tradit:
1202 2129 1253 2177 In
1282 2124 1605 2179 Chelidoniae
1626 2130 1858 2194 regione,
1890 2127 2009 2183 ficut
2029 2130 2103 2184 di·-

207 2204 274 2253 cit
297 2203 630 2269 Augustinus,
665 2204 714 2252 in
733 2198 1030 2271 quibusdam
1062 2202 1198 2271 aquis
1221 2198 1502 2252 naturaliter
1533 2196 1831 2254 ferventibus
1855 2203 1966 2257 sunt
1993 2224 2100 2259 ver-

205 2294 343 2339 mes,
381 2275 500 2329 ficut
526 2279 576 2327 in
595 2293 718 2346 aqua
738 2274 909 2341 frigida
929 2275 1106 2343 pisceS,
1144 2287 1192 2326 et
1212 2288 1345 2326 extra
1374 2272 1647 2326 ferventem
1671 2293 1850 2346 aquam
1880 2297 1995 2331 cum
2019 2299 2102 2334 ve-

205 2353 347 2403 niunt
376 2354 425 2402 in
456 2347 636 2418 frigido
670 2352 965 2401 moriuntur.
1057 2347 1142 2400 Ad
1167 2347 1462 2401 Vetulonios
1493 2350 1541 2398 in
1571 2352 1759 2402 Etruria
1787 2370 1890 2405 non
1925 2355 2098 2424 procul

205 2441 232 2476 a
254 2427 378 2476 mari
400 2425 549 2494 pisces
574 2428 625 2475 in
649 2426 786 2494 aquis
812 2422 977 2475 calidis
1001 2436 1249 2475 memorat
1270 2418 1480 2477 Plinius
1500 2426 1552 2475 H.
1585 2441 1687 2494 cap.
1709 2443 1749 2487 3.
1784 2422 2101 2484 Busbeckius

205 2501 348 2569 Epist.
371 2503 404 2549 Ι.
436 2497 598 2550 νίἀίίΐε
629 2500 692 2550 ait
720 2509 831 2548 ante
859 2496 1050 2549 Budam
1088 2500 1138 2548 in
1170 2500 1420 2563 Hungaria
1451 2495 1642 2549 fontem
1671 2502 1718 2550 in
1748 2499 1944 2556 summo
1976 2508 2099 2559 mari

205 2571 480 2626 ferventem
495 2610 510 2635 ,
550 2585 597 2624 et
618 2575 666 2624 in
689 2573 793 2637 ejus
814 2568 971 2624 fundo
995 2583 1213 2623 natantes
1231 2571 1399 2640 pisces.
1473 2575 1662 2623 Lacum
1684 2572 1865 2627 Phenei
1889 2577 2096 2648 piscibus

205 2647 349 2718 plane
372 2665 536 2701 carere
564 2645 712 2700 veluti
734 2664 839 2698 rem
860 2643 1134 2697 mirabilem
1153 2644 1354 2698 tradidit
1380 2643 1430 2699 T
1425 2641 1756 2717 lleophrczstus
1783 2652 1912 2720 apud
1931 2650 2096 2708 Aelia-

203 2739 322 2776 num
342 2727 415 2774 ΙΙΙ.
441 2734 524 2787 38.
556 2721 638 2773 sed
665 2724 787 2773 ratio
810 2718 937 2772 nulla
975 2720 1185 2772 affertur.

350 2831 505 2884 Pisces
541 2833 834 2899 nigerrimos
862 2832 1038 2882 fluvius
1069 2828 1233 2884 Lufias
1272 2833 1324 2882 in
1353 2829 1591 2895 Thuriis,
1645 2850 1799 2905 aquae
1829 2834 2094 2890 albiffrmae

202 2905 326 2976 ipse,
363 2903 490 2957 ferre
521 2905 699 2957 dicitur
726 2903 854 2974 apud
875 2901 1133 2957 Aelianum
1156 2908 1215 2956 X.
1243 2917 1323 2966 38.
1432 2906 1703 2960 Armeniae
1731 2910 1888 2977 pisces
1922 2915 2090 2978 nigros

204 2995 253 3032 et
281 2977 445 3032 letales
475 2977 618 3031 habet
635 2975 843 3033 Plinius
863 2983 1041 3031 XXXI.
1072 2977 1193 3030 Sest
1221 2997 1282 3043 ¹9
1315 2977 1396 3031 ubi
1417 2979 1573 3033 addit:
1609 2982 1742 3054 quod
1767 2996 1815 3035 et
1844 2987 1968 3037 circa
1990 2990 2091 3039 Da·-

201 3052 342 3106 nubii
369 3067 600 3106 exortum
627 3052 816 3114 audivi,
864 3052 1028 3105 donec
1058 3056 1277 3105 veniatur
1306 3052 1366 3105 ad
1399 3049 1590 3106 fontem
1630 3054 1771 3110 alveo
1803 3058 2097 3128 appositum,

202 3126 285 3180 ubi
308 3128 476 3182 finitur
506 3126 555 3180 id
576 3145 731 3196 genus
751 3127 970 3196 piscium.
1047 3132 1101 3180 In
1124 3126 1300 3252 εᾶἀξιῃ
1319 3132 1593 3183 narratione
1613 3125 1849 3186 Aelianus
1874 3138 1998 3188 XIV.
2024 3153 2086 3199 23

1157 3205 1192 3253 F
1927 3213 2093 3263 nomi-
