<?xml version="1.0" encoding="UTF-8"?>
<!DOCTYPE html PUBLIC "-//W3C//DTD XHTML 1.0 Transitional//EN"
    "http://www.w3.org/TR/xhtml1/DTD/xhtml1-transitional.dtd">
<html xmlns="http://www.w3.org/1999/xhtml" xml:lang="en" lang="en">
 <head>
  <title>
</title>
<meta http-equiv="Content-Type" content="text/html;charset=utf-8" />
  <meta name='ocr-system' content='tesseract 3.04.00' />
  <meta name='ocr-capabilities' content='ocr_page ocr_carea ocr_par ocr_line ocrx_word'/>
</head>
<body>
  <div class='ocr_page' id='page_1' title='image "./synonymiapiscium00arte_0136.png"; bbox 0 0 2571 3775; ppageno 0'>
   <div class='ocr_carea' id='block_1_1' title="bbox 249 2570 487 2651">
    <p class='ocr_par' dir='ltr' id='par_1_1' title="bbox 249 2570 487 2651">
     <span class='ocr_line' id='line_1_1' title="bbox 249 2570 487 2651; baseline -0.004 -12"><span class='ocrx_word' id='word_1_1' title='bbox 249 2597 331 2639; x_wconf 72' lang='lat' dir='ltr'>No.</span> <span class='ocrx_word' id='word_1_2' title='bbox 355 2570 402 2641; x_wconf 41' lang='grc' dir='ltr'>ι..</span> <span class='ocrx_word' id='word_1_3' title='bbox 416 2599 461 2651; x_wconf 82' lang='grc' dir='ltr'>β.</span> <span class='ocrx_word' id='word_1_4' title='bbox 477 2576 487 2592; x_wconf 44' lang='lat'><strong>⁶</strong></span> 
     </span>
    </p>
   </div>
   <div class='ocr_carea' id='block_1_2' title="bbox 469 338 1564 388">
    <p class='ocr_par' dir='ltr' id='par_1_2' title="bbox 469 338 1564 388">
     <span class='ocr_line' id='line_1_2' title="bbox 469 338 1564 388; baseline 0 0"><span class='ocrx_word' id='word_1_5' title='bbox 469 351 570 388; x_wconf 78' lang='lat'>122</span> <span class='ocrx_word' id='word_1_6' title='bbox 1272 338 1564 371; x_wconf 77' lang='grc' dir='ltr'><strong>-ἳ--·-··“··</strong></span> 
     </span>
    </p>
   </div>
   <div class='ocr_carea' id='block_1_3' title="bbox 1272 373 1564 384">
    <p class='ocr_par' dir='ltr' id='par_1_3' title="bbox 1272 373 1564 384">
     <span class='ocr_line' id='line_1_3' title="bbox 1272 373 1564 384; baseline 0 3391"><span class='ocrx_word' id='word_1_7' title='bbox 1272 373 1564 384; x_wconf 95' lang='lat' dir='ltr'> </span> 
     </span>
    </p>
   </div>
   <div class='ocr_carea' id='block_1_4' title="bbox 461 456 2372 3209">
    <p class='ocr_par' dir='ltr' id='par_1_4' title="bbox 461 456 2372 1867">
     <span class='ocr_line' id='line_1_4' title="bbox 461 456 2343 536; baseline 0 -19"><span class='ocrx_word' id='word_1_8' title='bbox 461 462 625 517; x_wconf 80' lang='lat' dir='ltr'>Habet</span> <span class='ocrx_word' id='word_1_9' title='bbox 647 458 791 516; x_wconf 83' lang='lat' dir='ltr'>etiam</span> <span class='ocrx_word' id='word_1_10' title='bbox 815 459 1073 517; x_wconf 76' lang='lat' dir='ltr'>branchias</span> <span class='ocrx_word' id='word_1_11' title='bbox 1092 461 1154 516; x_wconf 90' lang='lat' dir='ltr'>ad</span> <span class='ocrx_word' id='word_1_12' title='bbox 1174 459 1323 516; x_wconf 86' lang='lat' dir='ltr'>unam</span> <span class='ocrx_word' id='word_1_13' title='bbox 1344 475 1535 532; x_wconf 88' lang='lat' dir='ltr'>partem</span> <span class='ocrx_word' id='word_1_14' title='bbox 1566 456 1902 526; x_wconf 82' lang='lat' dir='ltr'>declinantes,</span> <span class='ocrx_word' id='word_1_15' title='bbox 1928 459 2168 536; x_wconf 54' lang='lat' dir='ltr'>asperim,</span> <span class='ocrx_word' id='word_1_16' title='bbox 2202 462 2343 535; x_wconf 79' lang='lat' dir='ltr'>spinis</span> 
     </span>
     <span class='ocr_line' id='line_1_5' title="bbox 463 536 2372 609; baseline -0.003 -16"><span class='ocrx_word' id='word_1_17' title='bbox 463 536 673 600; x_wconf 80' lang='lat' dir='ltr'>fimileS,</span> <span class='ocrx_word' id='word_1_18' title='bbox 714 552 762 590; x_wconf 88' lang='lat' dir='ltr'>et</span> <span class='ocrx_word' id='word_1_19' title='bbox 787 543 1160 608; x_wconf 84' lang='lat' dir='ltr'>coopertorium</span> <span class='ocrx_word' id='word_1_20' title='bbox 1176 536 1324 591; x_wconf 88' lang='lat' dir='ltr'>habet</span> <span class='ocrx_word' id='word_1_21' title='bbox 1349 566 1414 577; x_wconf 88' lang='lat'>—-</span> <span class='ocrx_word' id='word_1_22' title='bbox 1447 536 1593 590; x_wconf 86' lang='lat' dir='ltr'>habet</span> <span class='ocrx_word' id='word_1_23' title='bbox 1617 536 1793 609; x_wconf 66' lang='lat' dir='ltr'>snpra</span> <span class='ocrx_word' id='word_1_24' title='bbox 1825 538 1998 592; x_wconf 89' lang='lat' dir='ltr'>oculos</span> <span class='ocrx_word' id='word_1_25' title='bbox 2033 553 2190 608; x_wconf 86' lang='lat' dir='ltr'>partes</span> <span class='ocrx_word' id='word_1_26' title='bbox 2221 557 2372 608; x_wconf 73' lang='lat' dir='ltr'>pen-.</span> 
     </span>
     <span class='ocr_line' id='line_1_6' title="bbox 462 610 2347 684; baseline -0.001 -18"><span class='ocrx_word' id='word_1_27' title='bbox 462 613 636 667; x_wconf 88' lang='lat' dir='ltr'>dentes</span> <span class='ocrx_word' id='word_1_28' title='bbox 660 611 794 665; x_wconf 90' lang='lat' dir='ltr'>velut</span> <span class='ocrx_word' id='word_1_29' title='bbox 815 611 968 682; x_wconf 85' lang='lat' dir='ltr'>pilos,</span> <span class='ocrx_word' id='word_1_30' title='bbox 1008 612 1240 665; x_wconf 88' lang='lat' dir='ltr'>habentes</span> <span class='ocrx_word' id='word_1_31' title='bbox 1261 615 1412 682; x_wconf 87' lang='lat' dir='ltr'>capita</span> <span class='ocrx_word' id='word_1_32' title='bbox 1433 612 1670 674; x_wconf 84' lang='lat' dir='ltr'>rotunda,</span> <span class='ocrx_word' id='word_1_33' title='bbox 1705 631 1824 684; x_wconf 88' lang='lat' dir='ltr'>quas</span> <span class='ocrx_word' id='word_1_34' title='bbox 1862 610 1906 666; x_wconf 85' lang='lat' dir='ltr'>ei</span> <span class='ocrx_word' id='word_1_35' title='bbox 1931 616 2230 682; x_wconf 86' lang='lat' dir='ltr'>praeparavit</span> <span class='ocrx_word' id='word_1_36' title='bbox 2261 631 2347 665; x_wconf 81' lang='lat' dir='ltr'>na-</span> 
     </span>
     <span class='ocr_line' id='line_1_7' title="bbox 463 685 2347 758; baseline 0 -18"><span class='ocrx_word' id='word_1_37' title='bbox 463 701 572 740; x_wconf 86' lang='lat' dir='ltr'>tura</span> <span class='ocrx_word' id='word_1_38' title='bbox 597 685 693 738; x_wconf 90' lang='lat' dir='ltr'>cibi</span> <span class='ocrx_word' id='word_1_39' title='bbox 715 687 867 739; x_wconf 75' lang='lat' dir='ltr'>causa.</span> <span class='ocrx_word' id='word_1_40' title='bbox 946 689 1080 740; x_wconf 87' lang='lat' dir='ltr'>Cum</span> <span class='ocrx_word' id='word_1_41' title='bbox 1102 690 1235 738; x_wconf 89' lang='lat' dir='ltr'>enim</span> <span class='ocrx_word' id='word_1_42' title='bbox 1253 704 1367 738; x_wconf 88' lang='lat' dir='ltr'>rana</span> <span class='ocrx_word' id='word_1_43' title='bbox 1403 700 1574 739; x_wconf 87' lang='lat' dir='ltr'>movet</span> <span class='ocrx_word' id='word_1_44' title='bbox 1602 685 1784 757; x_wconf 88' lang='lat' dir='ltr'>aliquid</span> <span class='ocrx_word' id='word_1_45' title='bbox 1817 688 2053 758; x_wconf 83' lang='lat' dir='ltr'>aquosum</span> <span class='ocrx_word' id='word_1_46' title='bbox 2085 707 2202 739; x_wconf 89' lang='lat' dir='ltr'>cum</span> <span class='ocrx_word' id='word_1_47' title='bbox 2237 686 2347 740; x_wconf 89' lang='lat' dir='ltr'>luto</span> 
     </span>
     <span class='ocr_line' id='line_1_8' title="bbox 464 759 2347 834; baseline -0.002 -18"><span class='ocrx_word' id='word_1_48' title='bbox 464 775 516 816; x_wconf 82' lang='lat' dir='ltr'>e&#39;t</span> <span class='ocrx_word' id='word_1_49' title='bbox 541 778 708 823; x_wconf 85' lang='lat' dir='ltr'>arena,</span> <span class='ocrx_word' id='word_1_50' title='bbox 746 774 864 812; x_wconf 87' lang='lat' dir='ltr'>tunc</span> <span class='ocrx_word' id='word_1_51' title='bbox 883 774 1045 829; x_wconf 85' lang='lat' dir='ltr'>partes</span> <span class='ocrx_word' id='word_1_52' title='bbox 1063 759 1190 822; x_wconf 80' lang='lat' dir='ltr'>illaS,</span> <span class='ocrx_word' id='word_1_53' title='bbox 1230 778 1357 831; x_wconf 90' lang='lat' dir='ltr'>quae</span> <span class='ocrx_word' id='word_1_54' title='bbox 1377 759 1632 832; x_wconf 86' lang='lat' dir='ltr'>suntquafi</span> <span class='ocrx_word' id='word_1_55' title='bbox 1651 759 1765 830; x_wconf 90' lang='lat' dir='ltr'>pili,</span> <span class='ocrx_word' id='word_1_56' title='bbox 1807 765 1972 829; x_wconf 85' lang='lat' dir='ltr'>erigit,</span> <span class='ocrx_word' id='word_1_57' title='bbox 2017 779 2195 834; x_wconf 88' lang='lat' dir='ltr'>easque</span> <span class='ocrx_word' id='word_1_58' title='bbox 2229 779 2347 813; x_wconf 86' lang='lat' dir='ltr'>cum</span> 
     </span>
     <span class='ocr_line' id='line_1_9' title="bbox 466 833 2346 908; baseline 0.001 -20"><span class='ocrx_word' id='word_1_59' title='bbox 466 833 675 908; x_wconf 88' lang='lat' dir='ltr'>piscibus</span> <span class='ocrx_word' id='word_1_60' title='bbox 696 837 855 903; x_wconf 84' lang='lat' dir='ltr'>parvis</span> <span class='ocrx_word' id='word_1_61' title='bbox 878 833 1112 895; x_wconf 88' lang='lat' dir='ltr'>involvit,</span> <span class='ocrx_word' id='word_1_62' title='bbox 1150 847 1201 886; x_wconf 92' lang='lat' dir='ltr'>et</span> <span class='ocrx_word' id='word_1_63' title='bbox 1218 833 1279 886; x_wconf 91' lang='lat' dir='ltr'>ad</span> <span class='ocrx_word' id='word_1_64' title='bbox 1299 834 1550 887; x_wconf 88' lang='lat' dir='ltr'>orificium</span> <span class='ocrx_word' id='word_1_65' title='bbox 1579 835 1719 886; x_wconf 86' lang='lat' dir='ltr'>suum</span> <span class='ocrx_word' id='word_1_66' title='bbox 1741 853 1857 886; x_wconf 89' lang='lat' dir='ltr'>cum</span> <span class='ocrx_word' id='word_1_67' title='bbox 1890 840 1957 887; x_wconf 86' lang='lat' dir='ltr'>eis</span> <span class='ocrx_word' id='word_1_68' title='bbox 1987 836 2214 897; x_wconf 79' lang='lat' dir='ltr'>adducit,</span> <span class='ocrx_word' id='word_1_69' title='bbox 2259 835 2346 889; x_wconf 88' lang='lat' dir='ltr'>fic-</span> 
     </span>
     <span class='ocr_line' id='line_1_10' title="bbox 469 906 2348 981; baseline 0.001 -20"><span class='ocrx_word' id='word_1_70' title='bbox 469 927 568 981; x_wconf 89' lang='lat' dir='ltr'>que</span> <span class='ocrx_word' id='word_1_71' title='bbox 593 907 826 961; x_wconf 90' lang='lat' dir='ltr'>comedit.</span> <span class='ocrx_word' id='word_1_72' title='bbox 902 907 995 960; x_wconf 85' lang='lat' dir='ltr'>Etfi</span> <span class='ocrx_word' id='word_1_73' title='bbox 1018 926 1106 978; x_wconf 94' lang='lat' dir='ltr'>per</span> <span class='ocrx_word' id='word_1_74' title='bbox 1128 924 1289 978; x_wconf 87' lang='lat' dir='ltr'>partes</span> <span class='ocrx_word' id='word_1_75' title='bbox 1315 906 1447 969; x_wconf 85' lang='lat' dir='ltr'>illas,</span> <span class='ocrx_word' id='word_1_76' title='bbox 1480 927 1605 979; x_wconf 89' lang='lat' dir='ltr'>quae</span> <span class='ocrx_word' id='word_1_77' title='bbox 1628 908 1736 960; x_wconf 86' lang='lat' dir='ltr'>sunt</span> <span class='ocrx_word' id='word_1_78' title='bbox 1753 908 1893 978; x_wconf 89' lang='lat' dir='ltr'>super</span> <span class='ocrx_word' id='word_1_79' title='bbox 1905 908 2108 972; x_wconf 81' lang='lat' dir='ltr'>ocuIOS,</span> <span class='ocrx_word' id='word_1_80' title='bbox 2146 927 2246 964; x_wconf 90' lang='lat' dir='ltr'>non</span> <span class='ocrx_word' id='word_1_81' title='bbox 2266 926 2348 963; x_wconf 74' lang='lat' dir='ltr'>ve-</span> 
     </span>
     <span class='ocr_line' id='line_1_11' title="bbox 468 980 2347 1054; baseline -0.001 -17"><span class='ocrx_word' id='word_1_82' title='bbox 468 989 631 1037; x_wconf 73' lang='lat' dir='ltr'>natur</span> <span class='ocrx_word' id='word_1_83' title='bbox 658 982 883 1054; x_wconf 90' lang='lat' dir='ltr'>quando,</span> <span class='ocrx_word' id='word_1_84' title='bbox 922 981 1304 1052; x_wconf 81' lang='lat' dir='ltr'>deprehenditur</span> <span class='ocrx_word' id='word_1_85' title='bbox 1331 980 1513 1043; x_wconf 40' lang='lat' dir='ltr'>debilis,</span> <span class='ocrx_word' id='word_1_86' title='bbox 1534 996 1584 1034; x_wconf 87' lang='lat' dir='ltr'>et</span> <span class='ocrx_word' id='word_1_87' title='bbox 1612 1000 1756 1050; x_wconf 87' lang='lat' dir='ltr'>aegra</span> <span class='ocrx_word' id='word_1_88' title='bbox 1790 986 2047 1036; x_wconf 86' lang='lat' dir='ltr'>invenitur.</span> <span class='ocrx_word' id='word_1_89' title='bbox 2072 1014 2139 1024; x_wconf 95' lang='lat'>—-</span> <span class='ocrx_word' id='word_1_90' title='bbox 2213 988 2347 1037; x_wconf 87' lang='lat' dir='ltr'>Rana</span> 
     </span>
     <span class='ocr_line' id='line_1_12' title="bbox 473 1057 2351 1126; baseline -0.001 -15"><span class='ocrx_word' id='word_1_91' title='bbox 473 1060 737 1111; x_wconf 82' lang='lat' dir='ltr'>continuae</span> <span class='ocrx_word' id='word_1_92' title='bbox 758 1060 1084 1124; x_wconf 76' lang='lat' dir='ltr'>generationis</span> <span class='ocrx_word' id='word_1_93' title='bbox 1107 1058 1174 1109; x_wconf 91' lang='lat' dir='ltr'>est</span> <span class='ocrx_word' id='word_1_94' title='bbox 1192 1070 1240 1109; x_wconf 89' lang='lat' dir='ltr'>et</span> <span class='ocrx_word' id='word_1_95' title='bbox 1261 1070 1376 1110; x_wconf 85' lang='lat' dir='ltr'>ovat</span> <span class='ocrx_word' id='word_1_96' title='bbox 1397 1070 1529 1109; x_wconf 84' lang='lat' dir='ltr'>extra</span> <span class='ocrx_word' id='word_1_97' title='bbox 1557 1075 1714 1109; x_wconf 85' lang='lat' dir='ltr'>unum</span> <span class='ocrx_word' id='word_1_98' title='bbox 1734 1076 1888 1110; x_wconf 85' lang='lat' dir='ltr'>ovum</span> <span class='ocrx_word' id='word_1_99' title='bbox 1914 1057 2222 1126; x_wconf 86' lang='lat' dir='ltr'>completum</span> <span class='ocrx_word' id='word_1_100' title='bbox 2243 1072 2351 1111; x_wconf 89' lang='lat' dir='ltr'>tan-</span> 
     </span>
     <span class='ocr_line' id='line_1_13' title="bbox 471 1129 2349 1202; baseline 0.001 -19"><span class='ocrx_word' id='word_1_101' title='bbox 471 1145 608 1189; x_wconf 77' lang='lat' dir='ltr'>tum,</span> <span class='ocrx_word' id='word_1_102' title='bbox 647 1144 696 1183; x_wconf 91' lang='lat' dir='ltr'>et</span> <span class='ocrx_word' id='word_1_103' title='bbox 720 1132 787 1183; x_wconf 89' lang='lat' dir='ltr'>est</span> <span class='ocrx_word' id='word_1_104' title='bbox 809 1131 956 1183; x_wconf 84' lang='lat' dir='ltr'>durae</span> <span class='ocrx_word' id='word_1_105' title='bbox 982 1133 1128 1184; x_wconf 85' lang='lat' dir='ltr'>testae</span> <span class='ocrx_word' id='word_1_106' title='bbox 1152 1145 1353 1201; x_wconf 89' lang='lat' dir='ltr'>propter</span> <span class='ocrx_word' id='word_1_107' title='bbox 1372 1129 1600 1194; x_wconf 68' lang='lat' dir='ltr'>salutem,</span> <span class='ocrx_word' id='word_1_108' title='bbox 1646 1148 1740 1202; x_wconf 84' lang='lat' dir='ltr'>qua</span> <span class='ocrx_word' id='word_1_109' title='bbox 1770 1135 1985 1184; x_wconf 84' lang='lat' dir='ltr'>exterius</span> <span class='ocrx_word' id='word_1_110' title='bbox 2008 1132 2220 1200; x_wconf 71' lang='lat' dir='ltr'>indiget,</span> <span class='ocrx_word' id='word_1_111' title='bbox 2259 1133 2349 1184; x_wconf 90' lang='lat' dir='ltr'>hu-</span> 
     </span>
     <span class='ocr_line' id='line_1_14' title="bbox 468 1205 2350 1278; baseline -0.001 -20"><span class='ocrx_word' id='word_1_112' title='bbox 468 1207 548 1274; x_wconf 83' lang='lat' dir='ltr'>jus</span> <span class='ocrx_word' id='word_1_113' title='bbox 577 1205 713 1257; x_wconf 74' lang='lat' dir='ltr'>causa</span> <span class='ocrx_word' id='word_1_114' title='bbox 745 1207 812 1257; x_wconf 89' lang='lat' dir='ltr'>est</span> <span class='ocrx_word' id='word_1_115' title='bbox 844 1218 1012 1265; x_wconf 87' lang='lat' dir='ltr'>natura</span> <span class='ocrx_word' id='word_1_116' title='bbox 1043 1206 1116 1258; x_wconf 84' lang='lat' dir='ltr'>sui</span> <span class='ocrx_word' id='word_1_117' title='bbox 1149 1208 1402 1274; x_wconf 89' lang='lat' dir='ltr'>corporis,</span> <span class='ocrx_word' id='word_1_118' title='bbox 1440 1209 1553 1276; x_wconf 88' lang='lat' dir='ltr'>quia</span> <span class='ocrx_word' id='word_1_119' title='bbox 1592 1219 1736 1275; x_wconf 89' lang='lat' dir='ltr'>caput</span> <span class='ocrx_word' id='word_1_120' title='bbox 1773 1209 1876 1271; x_wconf 89' lang='lat' dir='ltr'>ejus</span> <span class='ocrx_word' id='word_1_121' title='bbox 1907 1208 1974 1258; x_wconf 89' lang='lat' dir='ltr'>est</span> <span class='ocrx_word' id='word_1_122' title='bbox 2000 1209 2050 1258; x_wconf 90' lang='lat' dir='ltr'>in</span> <span class='ocrx_word' id='word_1_123' title='bbox 2084 1210 2350 1278; x_wconf 82' lang='lat' dir='ltr'>quantitate</span> 
     </span>
     <span class='ocr_line' id='line_1_15' title="bbox 471 1278 2353 1352; baseline -0.001 -18"><span class='ocrx_word' id='word_1_124' title='bbox 471 1278 730 1349; x_wconf 83' lang='lat' dir='ltr'>multiplex</span> <span class='ocrx_word' id='word_1_125' title='bbox 749 1279 810 1331; x_wconf 89' lang='lat' dir='ltr'>ad</span> <span class='ocrx_word' id='word_1_126' title='bbox 831 1280 973 1331; x_wconf 85' lang='lat' dir='ltr'>suum</span> <span class='ocrx_word' id='word_1_127' title='bbox 993 1298 1198 1350; x_wconf 80' lang='lat' dir='ltr'>corpuS,</span> <span class='ocrx_word' id='word_1_128' title='bbox 1234 1293 1284 1332; x_wconf 88' lang='lat' dir='ltr'>et</span> <span class='ocrx_word' id='word_1_129' title='bbox 1306 1281 1373 1332; x_wconf 88' lang='lat' dir='ltr'>est</span> <span class='ocrx_word' id='word_1_130' title='bbox 1386 1280 1647 1349; x_wconf 86' lang='lat' dir='ltr'>spinosum.</span> <span class='ocrx_word' id='word_1_131' title='bbox 1723 1279 1943 1352; x_wconf 89' lang='lat' dir='ltr'>Ideoque</span> <span class='ocrx_word' id='word_1_132' title='bbox 1972 1280 2131 1350; x_wconf 85' lang='lat' dir='ltr'>pullos</span> <span class='ocrx_word' id='word_1_133' title='bbox 2154 1300 2256 1334; x_wconf 90' lang='lat' dir='ltr'>non</span> <span class='ocrx_word' id='word_1_134' title='bbox 2277 1300 2353 1333; x_wconf 91' lang='lat' dir='ltr'>re-</span> 
     </span>
     <span class='ocr_line' id='line_1_16' title="bbox 469 1352 2351 1425; baseline 0 -18"><span class='ocrx_word' id='word_1_135' title='bbox 469 1358 591 1425; x_wconf 87' lang='lat' dir='ltr'>cipit</span> <span class='ocrx_word' id='word_1_136' title='bbox 609 1354 720 1407; x_wconf 87' lang='lat' dir='ltr'>suos</span> <span class='ocrx_word' id='word_1_137' title='bbox 743 1357 792 1406; x_wconf 86' lang='lat' dir='ltr'>in</span> <span class='ocrx_word' id='word_1_138' title='bbox 813 1352 1004 1407; x_wconf 87' lang='lat' dir='ltr'>ultimo.</span> <span class='ocrx_word' id='word_1_139' title='bbox 1083 1356 1275 1407; x_wconf 84' lang='lat' dir='ltr'>Omnes</span> <span class='ocrx_word' id='word_1_140' title='bbox 1303 1367 1466 1406; x_wconf 87' lang='lat' dir='ltr'>autem</span> <span class='ocrx_word' id='word_1_141' title='bbox 1486 1354 1641 1423; x_wconf 81' lang='lat' dir='ltr'>pisces</span> <span class='ocrx_word' id='word_1_142' title='bbox 1675 1359 1896 1407; x_wconf 89' lang='lat' dir='ltr'>nutriunt</span> <span class='ocrx_word' id='word_1_143' title='bbox 1924 1355 2051 1408; x_wconf 84' lang='lat' dir='ltr'>filios</span> <span class='ocrx_word' id='word_1_144' title='bbox 2080 1356 2190 1408; x_wconf 86' lang='lat' dir='ltr'>suos</span> <span class='ocrx_word' id='word_1_145' title='bbox 2215 1373 2351 1425; x_wconf 85' lang='lat' dir='ltr'>prae-</span> 
     </span>
     <span class='ocr_line' id='line_1_17' title="bbox 471 1427 2356 1501; baseline 0 -19"><span class='ocrx_word' id='word_1_146' title='bbox 471 1442 546 1482; x_wconf 88' lang='lat' dir='ltr'>ter</span> <span class='ocrx_word' id='word_1_147' title='bbox 567 1445 747 1480; x_wconf 83' lang='lat' dir='ltr'>ranam.</span> <span class='ocrx_word' id='word_1_148' title='bbox 822 1433 1053 1499; x_wconf 88' lang='lat' dir='ltr'>Denique</span> <span class='ocrx_word' id='word_1_149' title='bbox 1076 1428 1214 1499; x_wconf 88' lang='lat' dir='ltr'>quod</span> <span class='ocrx_word' id='word_1_150' title='bbox 1233 1428 1387 1480; x_wconf 80' lang='lat' dir='ltr'>addit:</span> <span class='ocrx_word' id='word_1_151' title='bbox 1432 1446 1495 1480; x_wconf 85' lang='lat' dir='ltr'>ex</span> <span class='ocrx_word' id='word_1_152' title='bbox 1519 1427 1591 1481; x_wconf 89' lang='lat' dir='ltr'>his</span> <span class='ocrx_word' id='word_1_153' title='bbox 1612 1433 1761 1481; x_wconf 87' lang='lat' dir='ltr'>etiam</span> <span class='ocrx_word' id='word_1_154' title='bbox 1784 1447 1908 1501; x_wconf 86' lang='lat' dir='ltr'>quae</span> <span class='ocrx_word' id='word_1_155' title='bbox 1929 1428 2099 1491; x_wconf 84' lang='lat' dir='ltr'>latent,</span> <span class='ocrx_word' id='word_1_156' title='bbox 2135 1448 2247 1481; x_wconf 86' lang='lat' dir='ltr'>rana</span> <span class='ocrx_word' id='word_1_157' title='bbox 2269 1431 2356 1491; x_wconf 84' lang='lat' dir='ltr'>est,</span> 
     </span>
     <span class='ocr_line' id='line_1_18' title="bbox 472 1501 2353 1575; baseline -0.001 -19"><span class='ocrx_word' id='word_1_158' title='bbox 472 1520 692 1575; x_wconf 90' lang='lat' dir='ltr'>cumque</span> <span class='ocrx_word' id='word_1_159' title='bbox 715 1501 930 1564; x_wconf 57' lang='lat' dir='ltr'>latuerit,</span> <span class='ocrx_word' id='word_1_160' title='bbox 957 1502 1088 1555; x_wconf 88' lang='lat' dir='ltr'>vadit</span> <span class='ocrx_word' id='word_1_161' title='bbox 1113 1502 1173 1554; x_wconf 91' lang='lat' dir='ltr'>ad</span> <span class='ocrx_word' id='word_1_162' title='bbox 1201 1502 1357 1555; x_wconf 88' lang='lat' dir='ltr'>viride</span> <span class='ocrx_word' id='word_1_163' title='bbox 1379 1503 1518 1572; x_wconf 88' lang='lat' dir='ltr'>super</span> <span class='ocrx_word' id='word_1_164' title='bbox 1535 1520 1714 1574; x_wconf 84' lang='lat' dir='ltr'>aquarn</span> <span class='ocrx_word' id='word_1_165' title='bbox 1738 1518 1787 1557; x_wconf 90' lang='lat' dir='ltr'>et</span> <span class='ocrx_word' id='word_1_166' title='bbox 1808 1501 1993 1556; x_wconf 84' lang='lat' dir='ltr'>cibatur</span> <span class='ocrx_word' id='word_1_167' title='bbox 2012 1502 2221 1573; x_wconf 89' lang='lat' dir='ltr'>piscibus</span> <span class='ocrx_word' id='word_1_168' title='bbox 2244 1523 2353 1573; x_wconf 89' lang='lat' dir='ltr'>par-</span> 
     </span>
     <span class='ocr_line' id='line_1_19' title="bbox 474 1575 2354 1647; baseline 0.001 -17"><span class='ocrx_word' id='word_1_169' title='bbox 474 1580 574 1638; x_wconf 82' lang='lat' dir='ltr'>viS,</span> <span class='ocrx_word' id='word_1_170' title='bbox 613 1579 699 1647; x_wconf 91' lang='lat' dir='ltr'>qui</span> <span class='ocrx_word' id='word_1_171' title='bbox 732 1577 839 1628; x_wconf 89' lang='lat' dir='ltr'>sunt</span> <span class='ocrx_word' id='word_1_172' title='bbox 872 1580 925 1629; x_wconf 93' lang='lat' dir='ltr'>in</span> <span class='ocrx_word' id='word_1_173' title='bbox 953 1595 1033 1629; x_wconf 90' lang='lat' dir='ltr'>ea:</span> <span class='ocrx_word' id='word_1_174' title='bbox 1095 1577 1227 1630; x_wconf 83' lang='lat' dir='ltr'>unde</span> <span class='ocrx_word' id='word_1_175' title='bbox 1258 1575 1462 1629; x_wconf 60' lang='lat' dir='ltr'>dudium</span> <span class='ocrx_word' id='word_1_176' title='bbox 1488 1575 1540 1630; x_wconf 86' lang='lat' dir='ltr'>fit</span> <span class='ocrx_word' id='word_1_177' title='bbox 1568 1578 1744 1631; x_wconf 87' lang='lat' dir='ltr'>nescio.</span> <span class='ocrx_word' id='word_1_178' title='bbox 1856 1581 1999 1631; x_wconf 88' lang='lat' dir='ltr'>Forte</span> <span class='ocrx_word' id='word_1_179' title='bbox 2019 1576 2143 1630; x_wconf 88' lang='lat' dir='ltr'>olim</span> <span class='ocrx_word' id='word_1_180' title='bbox 2167 1582 2354 1632; x_wconf 86' lang='lat' dir='ltr'>varians</span> 
     </span>
     <span class='ocr_line' id='line_1_20' title="bbox 473 1647 2358 1723; baseline 0.001 -20"><span class='ocrx_word' id='word_1_181' title='bbox 473 1649 621 1704; x_wconf 58' lang='lat' dir='ltr'>lectio</span> <span class='ocrx_word' id='word_1_182' title='bbox 646 1647 885 1704; x_wconf 89' lang='lat' dir='ltr'>librorum</span> <span class='ocrx_word' id='word_1_183' title='bbox 909 1647 1200 1720; x_wconf 79' lang='lat' dir='ltr'>Aristotelis</span> <span class='ocrx_word' id='word_1_184' title='bbox 1224 1669 1368 1705; x_wconf 88' lang='lat' dir='ltr'>ranae</span> <span class='ocrx_word' id='word_1_185' title='bbox 1388 1649 1580 1714; x_wconf 81' lang='lat' dir='ltr'>tribuit,</span> <span class='ocrx_word' id='word_1_186' title='bbox 1617 1652 1756 1723; x_wconf 88' lang='lat' dir='ltr'>quod</span> <span class='ocrx_word' id='word_1_187' title='bbox 1790 1651 1889 1706; x_wconf 89' lang='lat' dir='ltr'>alio</span> <span class='ocrx_word' id='word_1_188' title='bbox 1921 1656 2150 1722; x_wconf 85' lang='lat' dir='ltr'>pertinet.</span> <span class='ocrx_word' id='word_1_189' title='bbox 2226 1651 2358 1705; x_wconf 88' lang='lat' dir='ltr'>Reli-</span> 
     </span>
     <span class='ocr_line' id='line_1_21' title="bbox 475 1724 2355 1796; baseline 0.003 -19"><span class='ocrx_word' id='word_1_190' title='bbox 475 1743 595 1796; x_wconf 86' lang='lat' dir='ltr'>quas</span> <span class='ocrx_word' id='word_1_191' title='bbox 615 1724 914 1778; x_wconf 89' lang='lat' dir='ltr'>differentias</span> <span class='ocrx_word' id='word_1_192' title='bbox 935 1724 1180 1779; x_wconf 87' lang='lat' dir='ltr'>literarum</span> <span class='ocrx_word' id='word_1_193' title='bbox 1198 1744 1380 1795; x_wconf 84' lang='lat' dir='ltr'>genere</span> <span class='ocrx_word' id='word_1_194' title='bbox 1401 1726 1592 1780; x_wconf 87' lang='lat' dir='ltr'>diverso</span> <span class='ocrx_word' id='word_1_195' title='bbox 1615 1727 1797 1795; x_wconf 84' lang='lat' dir='ltr'>fignavi</span> <span class='ocrx_word' id='word_1_196' title='bbox 1817 1744 1842 1779; x_wconf 86' lang='lat' dir='ltr'>a</span> <span class='ocrx_word' id='word_1_197' title='bbox 1866 1724 2132 1781; x_wconf 63' lang='lat' dir='ltr'>lectoribus</span> <span class='ocrx_word' id='word_1_198' title='bbox 2153 1726 2355 1783; x_wconf 82' lang='lat' dir='ltr'>curiofis</span> 
     </span>
     <span class='ocr_line' id='line_1_22' title="bbox 473 1798 986 1867; baseline -0.014 -10"><span class='ocrx_word' id='word_1_199' title='bbox 473 1798 618 1857; x_wconf 85' lang='lat' dir='ltr'>facile</span> <span class='ocrx_word' id='word_1_200' title='bbox 643 1799 986 1867; x_wconf 86' lang='lat' dir='ltr'>agnoscendas.</span> 
     </span>
    </p>

    <p class='ocr_par' dir='ltr' id='par_1_5' title="bbox 476 1871 2366 3058">
     <span class='ocr_line' id='line_1_23' title="bbox 630 1871 2356 1946; baseline 0.001 -18"><span class='ocrx_word' id='word_1_201' title='bbox 630 1876 869 1928; x_wconf 88' lang='lat' dir='ltr'>Ceterum</span> <span class='ocrx_word' id='word_1_202' title='bbox 897 1872 1028 1927; x_wconf 67' lang='lat' dir='ltr'>recle</span> <span class='ocrx_word' id='word_1_203' title='bbox 1056 1892 1167 1927; x_wconf 90' lang='lat' dir='ltr'>eam</span> <span class='ocrx_word' id='word_1_204' title='bbox 1195 1874 1516 1943; x_wconf 84' lang='lat' dir='ltr'>cartilagineis</span> <span class='ocrx_word' id='word_1_205' title='bbox 1543 1871 1749 1946; x_wconf 87' lang='lat' dir='ltr'>piscibus</span> <span class='ocrx_word' id='word_1_206' title='bbox 1783 1873 2096 1946; x_wconf 85' lang='lat' dir='ltr'>(Amphibiis</span> <span class='ocrx_word' id='word_1_207' title='bbox 2128 1874 2356 1930; x_wconf 86' lang='lat' dir='ltr'>nantibus</span> 
     </span>
     <span class='ocr_line' id='line_1_24' title="bbox 478 1945 2356 2022; baseline 0 -20"><span class='ocrx_word' id='word_1_208' title='bbox 478 1950 714 2013; x_wconf 82' lang='lat' dir='ltr'>Linnaei)</span> <span class='ocrx_word' id='word_1_209' title='bbox 764 1952 1104 2001; x_wconf 87' lang='lat' dir='ltr'>annumeravit</span> <span class='ocrx_word' id='word_1_210' title='bbox 1145 1945 1468 2018; x_wconf 53' lang='lat' dir='ltr'>Aristotelem,</span> <span class='ocrx_word' id='word_1_211' title='bbox 1526 1968 1553 2002; x_wconf 91' lang='lat' dir='ltr'>a</span> <span class='ocrx_word' id='word_1_212' title='bbox 1603 1949 1782 2022; x_wconf 85' lang='lat' dir='ltr'>quibus</span> <span class='ocrx_word' id='word_1_213' title='bbox 1832 1949 1939 2003; x_wconf 95' lang='lat' dir='ltr'>solo</span> <span class='ocrx_word' id='word_1_214' title='bbox 1998 1964 2139 2020; x_wconf 86' lang='lat' dir='ltr'>partu</span> <span class='ocrx_word' id='word_1_215' title='bbox 2176 1951 2356 2004; x_wconf 87' lang='lat' dir='ltr'>differt.</span> 
     </span>
     <span class='ocr_line' id='line_1_25' title="bbox 481 2021 2356 2095; baseline 0.002 -21"><span class='ocrx_word' id='word_1_216' title='bbox 481 2025 645 2074; x_wconf 86' lang='lat' dir='ltr'>Mares</span> <span class='ocrx_word' id='word_1_217' title='bbox 673 2025 806 2074; x_wconf 88' lang='lat' dir='ltr'>enim</span> <span class='ocrx_word' id='word_1_218' title='bbox 840 2021 1062 2076; x_wconf 89' lang='lat' dir='ltr'>membra</span> <span class='ocrx_word' id='word_1_219' title='bbox 1091 2023 1358 2095; x_wconf 85' lang='lat' dir='ltr'>quaedam,</span> <span class='ocrx_word' id='word_1_220' title='bbox 1399 2023 1624 2091; x_wconf 87' lang='lat' dir='ltr'>genitalia</span> <span class='ocrx_word' id='word_1_221' title='bbox 1646 2024 1795 2092; x_wconf 89' lang='lat' dir='ltr'>vulgo</span> <span class='ocrx_word' id='word_1_222' title='bbox 1820 2023 2087 2095; x_wconf 78' lang='lat' dir='ltr'>appellant,</span> <span class='ocrx_word' id='word_1_223' title='bbox 2125 2025 2186 2078; x_wconf 90' lang='lat' dir='ltr'>ad</span> <span class='ocrx_word' id='word_1_224' title='bbox 2205 2044 2356 2079; x_wconf 88' lang='lat' dir='ltr'>anum</span> 
     </span>
     <span class='ocr_line' id='line_1_26' title="bbox 481 2095 2359 2171; baseline 0.002 -21"><span class='ocrx_word' id='word_1_225' title='bbox 481 2095 692 2166; x_wconf 82' lang='lat' dir='ltr'>appofita</span> <span class='ocrx_word' id='word_1_226' title='bbox 718 2110 765 2149; x_wconf 88' lang='lat' dir='ltr'>et</span> <span class='ocrx_word' id='word_1_227' title='bbox 783 2096 1104 2167; x_wconf 88' lang='lat' dir='ltr'>dependentia</span> <span class='ocrx_word' id='word_1_228' title='bbox 1125 2111 1318 2165; x_wconf 85' lang='lat' dir='ltr'>gerunt,</span> <span class='ocrx_word' id='word_1_229' title='bbox 1338 2097 1617 2168; x_wconf 83' lang='lat' dir='ltr'>squalorum</span> <span class='ocrx_word' id='word_1_230' title='bbox 1641 2101 1949 2171; x_wconf 68' lang='lat' dir='ltr'>rajarumque</span> <span class='ocrx_word' id='word_1_231' title='bbox 1971 2103 2180 2152; x_wconf 86' lang='lat' dir='ltr'>marium</span> <span class='ocrx_word' id='word_1_232' title='bbox 2201 2102 2359 2163; x_wconf 83' lang='lat' dir='ltr'>instar,</span> 
     </span>
     <span class='ocr_line' id='line_1_27' title="bbox 482 2168 2360 2226; baseline 0.002 -3"><span class='ocrx_word' id='word_1_233' title='bbox 482 2171 754 2223; x_wconf 85' lang='lat' dir='ltr'>affirmante</span> <span class='ocrx_word' id='word_1_234' title='bbox 775 2169 1058 2225; x_wconf 70' lang='lat' dir='ltr'>dofflffimo</span> <span class='ocrx_word' id='word_1_235' title='bbox 1087 2169 1177 2225; x_wconf 79' lang='lat' dir='ltr'>Dn</span> <span class='ocrx_word' id='word_1_236' title='bbox 1209 2168 1394 2224; x_wconf 80' lang='lat' dir='ltr'>Hamel</span> <span class='ocrx_word' id='word_1_237' title='bbox 1408 2171 1579 2224; x_wconf 82' lang='lat' dir='ltr'>Traite‘:</span> <span class='ocrx_word' id='word_1_238' title='bbox 1602 2173 1687 2225; x_wconf 88' lang='lat' dir='ltr'>des</span> <span class='ocrx_word' id='word_1_239' title='bbox 1708 2172 1891 2226; x_wconf 70' lang='lat' dir='ltr'>Peches</span> <span class='ocrx_word' id='word_1_240' title='bbox 1902 2178 2055 2225; x_wconf 85' lang='lat' dir='ltr'>Partie</span> <span class='ocrx_word' id='word_1_241' title='bbox 2068 2179 2120 2225; x_wconf 89' lang='lat'>11.</span> <span class='ocrx_word' id='word_1_242' title='bbox 2143 2173 2264 2226; x_wconf 57' lang='lat' dir='ltr'>Se&amp;</span> <span class='ocrx_word' id='word_1_243' title='bbox 2278 2179 2360 2226; x_wconf 86' lang='lat' dir='ltr'>IX.</span> 
     </span>
     <span class='ocr_line' id='line_1_28' title="bbox 483 2243 2360 2317; baseline 0.002 -20"><span class='ocrx_word' id='word_1_244' title='bbox 483 2243 676 2298; x_wconf 78' lang='lat' dir='ltr'>Article</span> <span class='ocrx_word' id='word_1_245' title='bbox 704 2264 746 2305; x_wconf 76' lang='grc' dir='ltr'>ς.</span> <span class='ocrx_word' id='word_1_246' title='bbox 770 2264 816 2314; x_wconf 89' lang='lat' dir='ltr'>p.</span> <span class='ocrx_word' id='word_1_247' title='bbox 842 2263 962 2310; x_wconf 70' lang='lat'>29&lt;.</span> <span class='ocrx_word' id='word_1_248' title='bbox 1035 2248 1143 2299; x_wconf 82' lang='lat' dir='ltr'>Ova</span> <span class='ocrx_word' id='word_1_249' title='bbox 1166 2264 1317 2298; x_wconf 89' lang='lat' dir='ltr'>nemo</span> <span class='ocrx_word' id='word_1_250' title='bbox 1335 2246 1595 2317; x_wconf 85' lang='lat' dir='ltr'>hucusque</span> <span class='ocrx_word' id='word_1_251' title='bbox 1618 2247 1737 2298; x_wconf 88' lang='lat' dir='ltr'>vidit</span> <span class='ocrx_word' id='word_1_252' title='bbox 1757 2261 1840 2298; x_wconf 87' lang='lat' dir='ltr'>aut</span> <span class='ocrx_word' id='word_1_253' title='bbox 1862 2246 2113 2317; x_wconf 71' lang='lat' dir='ltr'>descripsit.</span> <span class='ocrx_word' id='word_1_254' title='bbox 2170 2255 2360 2301; x_wconf 86' lang='lat' dir='ltr'>Verum</span> 
     </span>
     <span class='ocr_line' id='line_1_29' title="bbox 485 2316 2360 2392; baseline 0.002 -20"><span class='ocrx_word' id='word_1_255' title='bbox 485 2322 766 2388; x_wconf 88' lang='lat' dir='ltr'>nuperrime</span> <span class='ocrx_word' id='word_1_256' title='bbox 798 2319 925 2389; x_wconf 92' lang='lat' dir='ltr'>apud</span> <span class='ocrx_word' id='word_1_257' title='bbox 953 2321 1296 2371; x_wconf 86' lang='lat' dir='ltr'>amiciffimum</span> <span class='ocrx_word' id='word_1_258' title='bbox 1313 2316 1581 2372; x_wconf 75' lang='lat' dir='ltr'>Blochimn</span> <span class='ocrx_word' id='word_1_259' title='bbox 1600 2320 1697 2372; x_wconf 92' lang='lat' dir='ltr'>vidi</span> <span class='ocrx_word' id='word_1_260' title='bbox 1715 2320 2100 2391; x_wconf 86' lang='lat' dir='ltr'>pullumLophii</span> <span class='ocrx_word' id='word_1_261' title='bbox 2120 2323 2360 2392; x_wconf 84' lang='lat' dir='ltr'>piscatorii</span> 
     </span>
     <span class='ocr_line' id='line_1_30' title="bbox 487 2392 2363 2467; baseline 0.003 -22"><span class='ocrx_word' id='word_1_262' title='bbox 487 2397 766 2454; x_wconf 86' lang='lat' dir='ltr'>minutum,</span> <span class='ocrx_word' id='word_1_263' title='bbox 796 2410 824 2445; x_wconf 90' lang='lat' dir='ltr'>e</span> <span class='ocrx_word' id='word_1_264' title='bbox 846 2392 1075 2446; x_wconf 86' lang='lat' dir='ltr'>Chinenfi</span> <span class='ocrx_word' id='word_1_265' title='bbox 1103 2396 1226 2446; x_wconf 88' lang='lat' dir='ltr'>mari</span> <span class='ocrx_word' id='word_1_266' title='bbox 1253 2392 1476 2455; x_wconf 89' lang='lat' dir='ltr'>allatum,</span> <span class='ocrx_word' id='word_1_267' title='bbox 1515 2394 1656 2447; x_wconf 72' lang='lat' dir='ltr'>sacco</span> <span class='ocrx_word' id='word_1_268' title='bbox 1691 2393 1960 2448; x_wconf 88' lang='lat' dir='ltr'>umbilicali</span> <span class='ocrx_word' id='word_1_269' title='bbox 1982 2409 2030 2448; x_wconf 91' lang='lat' dir='ltr'>et</span> <span class='ocrx_word' id='word_1_270' title='bbox 2054 2395 2200 2449; x_wconf 88' lang='lat' dir='ltr'>vitelli</span> <span class='ocrx_word' id='word_1_271' title='bbox 2224 2410 2363 2467; x_wconf 86' lang='lat' dir='ltr'>parte</span> 
     </span>
     <span class='ocr_line' id='line_1_31' title="bbox 479 2465 2360 2540; baseline 0.002 -22"><span class='ocrx_word' id='word_1_272' title='bbox 479 2469 616 2520; x_wconf 68' lang='lat' dir='ltr'>rinter</span> <span class='ocrx_word' id='word_1_273' title='bbox 636 2470 809 2537; x_wconf 89' lang='lat' dir='ltr'>pinnas</span> <span class='ocrx_word' id='word_1_274' title='bbox 828 2466 1067 2519; x_wconf 83' lang='lat' dir='ltr'>ventrales</span> <span class='ocrx_word' id='word_1_275' title='bbox 1090 2482 1138 2520; x_wconf 92' lang='lat' dir='ltr'>et</span> <span class='ocrx_word' id='word_1_276' title='bbox 1160 2465 1309 2536; x_wconf 88' lang='lat' dir='ltr'>paulo</span> <span class='ocrx_word' id='word_1_277' title='bbox 1332 2465 1530 2520; x_wconf 84' lang='lat' dir='ltr'>inferius</span> <span class='ocrx_word' id='word_1_278' title='bbox 1563 2467 1871 2538; x_wconf 81' lang='lat' dir='ltr'>dependente</span> <span class='ocrx_word' id='word_1_279' title='bbox 1904 2469 2080 2523; x_wconf 87' lang='lat' dir='ltr'>adhuc.</span> <span class='ocrx_word' id='word_1_280' title='bbox 2349 2507 2360 2540; x_wconf 50' lang='lat'>¹.</span> 
     </span>
     <span class='ocr_line' id='line_1_32' title="bbox 633 2538 2363 2614; baseline 0.001 -20"><span class='ocrx_word' id='word_1_281' title='bbox 633 2538 865 2610; x_wconf 76' lang='lat' dir='ltr'>Mustela.</span> <span class='ocrx_word' id='word_1_282' title='bbox 903 2538 1111 2595; x_wconf 75' lang='lat' dir='ltr'>Plinius</span> <span class='ocrx_word' id='word_1_283' title='bbox 1132 2546 1212 2593; x_wconf 89' lang='lat' dir='ltr'>IX.</span> <span class='ocrx_word' id='word_1_284' title='bbox 1245 2559 1322 2604; x_wconf 82' lang='lat'>¹7·</span> <span class='ocrx_word' id='word_1_285' title='bbox 1368 2545 1624 2604; x_wconf 82' lang='lat' dir='ltr'>Proxima,</span> <span class='ocrx_word' id='word_1_286' title='bbox 1683 2547 1865 2614; x_wconf 90' lang='lat' dir='ltr'>inquit,</span> <span class='ocrx_word' id='word_1_287' title='bbox 1911 2547 1978 2597; x_wconf 87' lang='lat' dir='ltr'>est</span> <span class='ocrx_word' id='word_1_288' title='bbox 2007 2544 2168 2597; x_wconf 76' lang='lat' dir='ltr'>mensa</span> <span class='ocrx_word' id='word_1_289' title='bbox 2208 2547 2363 2610; x_wconf 86' lang='lat' dir='ltr'>jecori</span> 
     </span>
     <span class='ocr_line' id='line_1_33' title="bbox 480 2613 2366 2689; baseline 0.002 -23"><span class='ocrx_word' id='word_1_290' title='bbox 480 2614 723 2667; x_wconf 79' lang='lat' dir='ltr'>duntaxat</span> <span class='ocrx_word' id='word_1_291' title='bbox 741 2613 1085 2677; x_wconf 83' lang='lat' dir='ltr'>mustelarum,</span> <span class='ocrx_word' id='word_1_292' title='bbox 1124 2633 1271 2688; x_wconf 87' lang='lat' dir='ltr'>quas,</span> <span class='ocrx_word' id='word_1_293' title='bbox 1318 2619 1503 2668; x_wconf 89' lang='lat' dir='ltr'>mirum</span> <span class='ocrx_word' id='word_1_294' title='bbox 1532 2614 1690 2680; x_wconf 55' lang='lat' dir='ltr'>dictu,</span> <span class='ocrx_word' id='word_1_295' title='bbox 1730 2622 1853 2670; x_wconf 89' lang='lat' dir='ltr'>inter</span> <span class='ocrx_word' id='word_1_296' title='bbox 1881 2618 2035 2688; x_wconf 85' lang='lat' dir='ltr'>Alpes</span> <span class='ocrx_word' id='word_1_297' title='bbox 2065 2636 2266 2689; x_wconf 86' lang='lat' dir='ltr'>quoque</span> <span class='ocrx_word' id='word_1_298' title='bbox 2298 2618 2366 2670; x_wconf 88' lang='lat' dir='ltr'>la·-</span> 
     </span>
     <span class='ocr_line' id='line_1_34' title="bbox 491 2688 2360 2758; baseline 0.002 -17"><span class='ocrx_word' id='word_1_299' title='bbox 491 2707 578 2742; x_wconf 87' lang='lat' dir='ltr'>cus</span> <span class='ocrx_word' id='word_1_300' title='bbox 599 2689 831 2741; x_wconf 84' lang='lat' dir='ltr'>Rhaetiae</span> <span class='ocrx_word' id='word_1_301' title='bbox 850 2692 1157 2757; x_wconf 87' lang='lat' dir='ltr'>Brigantinus</span> <span class='ocrx_word' id='word_1_302' title='bbox 1178 2688 1393 2742; x_wconf 89' lang='lat' dir='ltr'>aemulas</span> <span class='ocrx_word' id='word_1_303' title='bbox 1412 2694 1613 2743; x_wconf 86' lang='lat' dir='ltr'>marinis</span> <span class='ocrx_word' id='word_1_304' title='bbox 1634 2706 1845 2758; x_wconf 83' lang='lat' dir='ltr'>generat.</span> <span class='ocrx_word' id='word_1_305' title='bbox 1922 2697 1987 2744; x_wconf 89' lang='lat' dir='ltr'>Ita</span> <span class='ocrx_word' id='word_1_306' title='bbox 2006 2692 2189 2744; x_wconf 79' lang='lat' dir='ltr'>scilicet</span> <span class='ocrx_word' id='word_1_307' title='bbox 2216 2688 2360 2745; x_wconf 77' lang='lat' dir='ltr'>Har-</span> 
     </span>
     <span class='ocr_line' id='line_1_35' title="bbox 489 2760 2362 2836; baseline 0.002 -20"><span class='ocrx_word' id='word_1_308' title='bbox 489 2760 678 2817; x_wconf 79' lang='lat' dir='ltr'>dninns</span> <span class='ocrx_word' id='word_1_309' title='bbox 700 2763 948 2817; x_wconf 87' lang='lat' dir='ltr'>Codicum</span> <span class='ocrx_word' id='word_1_310' title='bbox 969 2762 1237 2818; x_wconf 60' lang='lat' dir='ltr'>lectionem</span> <span class='ocrx_word' id='word_1_311' title='bbox 1248 2761 1428 2834; x_wconf 63' lang='lat' dir='ltr'>pecori</span> <span class='ocrx_word' id='word_1_312' title='bbox 1450 2765 1752 2827; x_wconf 80' lang='lat' dir='ltr'>emendavit,</span> <span class='ocrx_word' id='word_1_313' title='bbox 1791 2765 1873 2818; x_wconf 86' lang='lat' dir='ltr'>etfi</span> <span class='ocrx_word' id='word_1_314' title='bbox 1890 2763 2074 2836; x_wconf 62' lang='lat' dir='ltr'>generi</span> <span class='ocrx_word' id='word_1_315' title='bbox 2107 2765 2268 2834; x_wconf 83' lang='lat' dir='ltr'>legisse</span> <span class='ocrx_word' id='word_1_316' title='bbox 2287 2769 2362 2819; x_wconf 87' lang='lat' dir='ltr'>vi-</span> 
     </span>
     <span class='ocr_line' id='line_1_36' title="bbox 491 2835 2365 2910; baseline 0.003 -22"><span class='ocrx_word' id='word_1_317' title='bbox 491 2837 663 2890; x_wconf 88' lang='lat' dir='ltr'>deatur</span> <span class='ocrx_word' id='word_1_318' title='bbox 692 2840 837 2890; x_wconf 89' lang='lat' dir='ltr'>etiam</span> <span class='ocrx_word' id='word_1_319' title='bbox 875 2835 1178 2892; x_wconf 70' lang='lat' dir='ltr'>Vincentius</span> <span class='ocrx_word' id='word_1_320' title='bbox 1208 2842 1352 2889; x_wconf 84' lang='lat' dir='ltr'>XVII.</span> <span class='ocrx_word' id='word_1_321' title='bbox 1385 2856 1486 2907; x_wconf 87' lang='lat' dir='ltr'>cap.</span> <span class='ocrx_word' id='word_1_322' title='bbox 1509 2856 1594 2903; x_wconf 84' lang='lat'>74.</span> <span class='ocrx_word' id='word_1_323' title='bbox 1647 2838 1729 2892; x_wconf 89' lang='lat' dir='ltr'>ubi</span> <span class='ocrx_word' id='word_1_324' title='bbox 1760 2854 2006 2909; x_wconf 87' lang='lat' dir='ltr'>praeterea</span> <span class='ocrx_word' id='word_1_325' title='bbox 2047 2859 2138 2910; x_wconf 91' lang='lat' dir='ltr'>pro</span> <span class='ocrx_word' id='word_1_326' title='bbox 2170 2845 2365 2907; x_wconf 85' lang='lat' dir='ltr'>marinis</span> 
     </span>
     <span class='ocr_line' id='line_1_37' title="bbox 491 2909 2363 2984; baseline 0.002 -21"><span class='ocrx_word' id='word_1_327' title='bbox 491 2910 671 2965; x_wconf 57' lang='lat' dir='ltr'>rectius</span> <span class='ocrx_word' id='word_1_328' title='bbox 694 2925 746 2964; x_wconf 91' lang='lat' dir='ltr'>ut</span> <span class='ocrx_word' id='word_1_329' title='bbox 763 2926 886 2981; x_wconf 85' lang='lat' dir='ltr'>puto</span> <span class='ocrx_word' id='word_1_330' title='bbox 907 2914 1056 2965; x_wconf 79' lang='lat' dir='ltr'>exstat</span> <span class='ocrx_word' id='word_1_331' title='bbox 1076 2909 1348 2972; x_wconf 78' lang='lat' dir='ltr'>muraeniS,</span> <span class='ocrx_word' id='word_1_332' title='bbox 1382 2913 1519 2984; x_wconf 91' lang='lat' dir='ltr'>quod</span> <span class='ocrx_word' id='word_1_333' title='bbox 1539 2912 1836 2966; x_wconf 86' lang='lat' dir='ltr'>vocabulum</span> <span class='ocrx_word' id='word_1_334' title='bbox 1855 2914 1994 2967; x_wconf 88' lang='lat' dir='ltr'>multi</span> <span class='ocrx_word' id='word_1_335' title='bbox 2015 2917 2113 2981; x_wconf 85' lang='lat' dir='ltr'>jam</span> <span class='ocrx_word' id='word_1_336' title='bbox 2124 2918 2213 2967; x_wconf 88' lang='lat' dir='ltr'>viri</span> <span class='ocrx_word' id='word_1_337' title='bbox 2229 2914 2363 2967; x_wconf 60' lang='lat' dir='ltr'>docli</span> 
     </span>
     <span class='ocr_line' id='line_1_38' title="bbox 476 2981 2363 3058; baseline 0.001 -20"><span class='ocrx_word' id='word_1_338' title='bbox 476 2981 669 3038; x_wconf 64' lang='lat' dir='ltr'>«Plinio</span> <span class='ocrx_word' id='word_1_339' title='bbox 690 2988 935 3039; x_wconf 89' lang='lat' dir='ltr'>restituere</span> <span class='ocrx_word' id='word_1_340' title='bbox 960 2986 1235 3040; x_wconf 87' lang='lat' dir='ltr'>voluerunt.</span> <span class='ocrx_word' id='word_1_341' title='bbox 1318 2986 1549 3040; x_wconf 85' lang='lat' dir='ltr'>Mustelas</span> <span class='ocrx_word' id='word_1_342' title='bbox 1580 2986 1665 3040; x_wconf 83' lang='lat' dir='ltr'>has</span> <span class='ocrx_word' id='word_1_343' title='bbox 1699 2991 1863 3058; x_wconf 86' lang='lat' dir='ltr'>potius</span> <span class='ocrx_word' id='word_1_344' title='bbox 1891 2990 2063 3043; x_wconf 83' lang='lat' dir='ltr'>Gados</span> <span class='ocrx_word' id='word_1_345' title='bbox 2099 2988 2219 3042; x_wconf 89' lang='lat' dir='ltr'>lotas</span> <span class='ocrx_word' id='word_1_346' title='bbox 2251 2986 2363 3051; x_wconf 82' lang='lat' dir='ltr'>effe,</span> 
     </span>
    </p>

    <p class='ocr_par' dir='ltr' id='par_1_6' title="bbox 468 3058 2367 3209">
     <span class='ocr_line' id='line_1_39' title="bbox 496 3058 2362 3131; baseline 0.003 -22"><span class='ocrx_word' id='word_1_347' title='bbox 496 3076 558 3110; x_wconf 81' lang='lat' dir='ltr'>ex</span> <span class='ocrx_word' id='word_1_348' title='bbox 595 3061 770 3124; x_wconf 83' lang='lat' dir='ltr'>jecoris</span> <span class='ocrx_word' id='word_1_349' title='bbox 800 3065 1054 3115; x_wconf 89' lang='lat' dir='ltr'>mentione</span> <span class='ocrx_word' id='word_1_350' title='bbox 1095 3079 1199 3114; x_wconf 93' lang='lat' dir='ltr'>non</span> <span class='ocrx_word' id='word_1_351' title='bbox 1242 3059 1370 3114; x_wconf 89' lang='lat' dir='ltr'>male</span> <span class='ocrx_word' id='word_1_352' title='bbox 1405 3061 1662 3131; x_wconf 85' lang='lat' dir='ltr'>suspicatur</span> <span class='ocrx_word' id='word_1_353' title='bbox 1711 3058 2053 3131; x_wconf 68' lang='lat' dir='ltr'>Harduinus;</span> <span class='ocrx_word' id='word_1_354' title='bbox 2100 3061 2362 3131; x_wconf 76' lang='lat' dir='ltr'>lamp-ettae</span> 
     </span>
     <span class='ocr_line' id='line_1_40' title="bbox 468 3133 2367 3209; baseline 0.001 -24"><span class='ocrx_word' id='word_1_355' title='bbox 468 3135 645 3188; x_wconf 36' lang='lat' dir='ltr'>ffetfflm</span> <span class='ocrx_word' id='word_1_356' title='bbox 664 3133 825 3188; x_wconf 85' lang='lat' dir='ltr'>nullae</span> <span class='ocrx_word' id='word_1_357' title='bbox 848 3139 898 3193; x_wconf 87' lang='lat' dir='ltr'>in</span> <span class='ocrx_word' id='word_1_358' title='bbox 928 3135 1037 3190; x_wconf 87' lang='lat' dir='ltr'>lacu</span> <span class='ocrx_word' id='word_1_359' title='bbox 1058 3137 1149 3192; x_wconf 85' lang='lat' dir='ltr'>isto</span> <span class='ocrx_word' id='word_1_360' title='bbox 1172 3138 1369 3209; x_wconf 84' lang='lat' dir='ltr'>reperiri</span> <span class='ocrx_word' id='word_1_361' title='bbox 1398 3134 1641 3190; x_wconf 79' lang='lat' dir='ltr'>dicuntur.</span> <span class='ocrx_word' id='word_1_362' title='bbox 1724 3136 1961 3193; x_wconf 87' lang='lat' dir='ltr'>Mustelae</span> <span class='ocrx_word' id='word_1_363' title='bbox 1988 3141 2205 3193; x_wconf 83' lang='lat' dir='ltr'>marinae</span> <span class='ocrx_word' id='word_1_364' title='bbox 2232 3138 2367 3200; x_wconf 84' lang='lat' dir='ltr'>jecur</span> 
     </span>
    </p>
   </div>
   <div class='ocr_carea' id='block_1_5' title="bbox 2214 3213 2373 3267">
    <p class='ocr_par' dir='ltr' id='par_1_7' title="bbox 2214 3213 2373 3267">
     <span class='ocr_line' id='line_1_41' title="bbox 2214 3213 2373 3267; baseline 0.025 -4"><span class='ocrx_word' id='word_1_365' title='bbox 2214 3213 2373 3267; x_wconf 82' lang='lat' dir='ltr'>comi-</span> 
     </span>
    </p>
   </div>
  </div>
 </body>
</html>
