2571 3775
1017 341 1311 360 ·“·““““·““
2009 336 2118 398 '197

224 457 588 515 multitudinem
613 459 823 528 partium
850 454 1149 508 terrestrium
1179 449 1481 520 frigidarum.
1531 456 1879 524 Qamobrem
1907 460 2115 528 piscium

221 554 317 590 ova
351 538 519 589 omnia
550 530 807 584 unicolora
837 530 972 592 sunt,
1020 542 1069 580 et
1109 541 1165 580 ut
1197 525 1350 590 lutea,
1395 529 1626 592 candida,
1666 544 1719 582 ut
1740 533 1945 585 candida
1973 553 2112 599 vero,

218 610 365 664 lutea.
439 606 625 659 Eadem
649 603 896 675 copiofius
920 603 1064 656 tradit
1090 601 1153 654 de
1175 605 1297 655 Part.
1327 605 1399 655 ΠΙ.
1429 620 1474 669 3.
1533 603 1595 655 de
1628 608 1737 658 ovis
1774 609 2108 675 viviparorum

220 687 310 743 seu¹
324 680 749 748 cartilagineorum
767 678 998 749 piscium3
1034 676 1214 730 deinde
1238 695 1342 747 cap.
1356 696 1405 743 4.
1440 681 1504 738 ita
1525 682 1685 748 pergit
1707 678 1770 732 de
1789 683 2109 750 oviparorum

219 755 423 828 piscium
445 757 577 807 ovis:
624 753 950 826 Reliquorum
970 753 1173 824 piscium
1195 749 1410 821 plurima
1427 764 1536 823 pars
1559 771 1716 806 ovum
1737 768 1880 807 extus
1895 758 2109 824 pariunt,

216 827 565 900 imperfedlum
585 828 790 901 quidem
809 846 1013 889 omnes;
1052 830 1308 895 generatio
1328 830 1477 880 etiam
1498 845 1562 880 ex
1594 846 1696 883 ovo
1730 828 1915 882 eodem
1944 830 2108 885 modo

205 900 380 966 habet,
404 917 458 956 ut
476 901 863 971 in'cartilagineis
875 906 1005 956 intus
1025 920 1138 967 ova,
1168 915 1310 955 extus
1333 905 1474 955 vivos
1494 899 1656 955 foetus
1675 902 1992 973 parientibu8‚
2013 903 2104 960 nifi

210 978 350 1052 quod
370 983 736 1032 incrementum
755 996 1027 1048 parvorum
1044 973 1277 1031 foetuum
1303 975 1509 1029 celerius
1528 989 1580 1029 et
1600 980 1847 1047 postrema
1875 982 1961 1032 ovi
1994 997 2104 1049 pars

210 1055 383 1107 durior
415 1056 496 1106 est.
608 1053 782 1125 Ovum
809 1053 966 1122 ipsum
993 1066 1201 1118 augetur
1229 1053 1478 1103 vermium
1508 1052 1678 1114 instar,
1729 1056 1814 1124 qui
1847 1053 1927 1105 sua
1959 1057 2010 1105 vi
2038 1071 2105 1107 ex

208 1131 370 1199 parvis
390 1128 680 1190 increscunt,
705 1125 877 1180 nullibi
900 1128 1095 1180 annexi.
1170 1126 1326 1181 Causa
1347 1123 1514 1178 fimilis
1538 1139 1592 1179 ut
1618 1129 1668 1178 in
1687 1123 1837 1180 farina
1856 1124 2107 1183 fermento

207 1200 418 1255 strbadia.
494 1205 738 1255 Fermenti
761 1199 932 1255 locum
958 1205 1008 1254 in
1035 1198 1324 1254 animalium
1353 1213 1523 1253 natura
1553 1199 1686 1254 calor
1717 1200 1940 1256 animalis
1970 1200 2102 1256 obti-

209 1290 310 1330 net.
387 1280 497 1331 Ova
519 1280 665 1344 igitur
685 1276 786 1330 hoc
805 1275 956 1329 veluti
979 1273 1226 1328 fermento
1248 1288 1492 1343 augentur
1520 1275 1787 1330 necessario
1817 1294 1928 1330 eam
1951 1280 2103 1347 inpri-

206 1356 301 1405 mis
321 1349 389 1405 ob
413 1352 606 1404 caulam
622 1388 637 1413 ,
674 1355 914 1423 quoniam
945 1354 992 1403 in
1014 1349 1173 1403 vulvis
1193 1352 1557 1404 incrementum
1585 1352 1765 1417 justum
1790 1366 1993 1422 propter
2024 1356 2103 1405 ni-

203 1431 360 1481 miam
381 1425 750 1478 multitudinem
771 1444 945 1496 capere
975 1444 1078 1479 non
1099 1424 1311 1494 poffunt.
1421 1425 1643 1479 Eandem
1678 1424 1746 1479 ob
1783 1427 1975 1479 causam
2003 1445 2106 1481 ovav

206 1519 351 1572 parva
377 1514 709 1553 excernuntur
731 1514 781 1553 et
801 1499 1024 1553 celeriter
1044 1500 1346 1560 increscunt3
1396 1517 1541 1569 parva
1562 1499 1817 1563 videlicet,
1857 1505 2101 1573 quoniam

204 1575 350 1627 vulva
371 1577 619 1644 angustior
647 1579 904 1628 continere
926 1578 1094 1629 onmia
1117 1593 1221 1628 non
1242 1576 1428 1645 potest3
1466 1575 1690 1629 crescunt
1705 1593 1819 1629 vere
1839 1575 2095 1640 velociter,

204 1650 417 1704 nedum
437 1668 527 1719 per
550 1653 925 1717 generationem
956 1667 1097 1704 mora
1115 1653 1167 1702 in
1186 1649 1418 1718 augendo
1439 1650 1520 1712 fit,
1552 1668 1710 1718 genus
1739 1652 1894 1720 ipsum
1915 1665 2102 1719 pereat,

200 1743 321 1777 cum
343 1722 421 1776 vel
449 1723 709 1792 fic'mag'na
731 1743 839 1794 pars
874 1722 1098 1777 foeturae
1119 1738 1299 1793 pereat.
1399 1728 1655 1792 Quocirca
1690 1743 1848 1793 genus
1887 1726 2096 1794 piscium

199 1796 592 1878 per-foecundum
611 1799 704 1860 est3
738 1798 1082 1870 compensatur
1107 1801 1245 1854 enim
1264 1816 1291 1851 a
1311 1812 1481 1851 natura
1498 1802 1721 1853 interitus
1744 1799 2077 1853 multitudine.

346 1913 573 1981 Sequitur
593 1913 657 1961 H.
677 1909 741 1961 A.
759 1913 837 1961 VI.
863 1925 967 1978 cap.
1004 1927 1022 1959 1
1041 1928 1082 1961 1.
1130 1925 1292 1961 mares
1322 1922 1548 1979 tempore
1580 1913 1742 1963 coitus
1769 1923 1959 1963 meatus
1992 1924 2093 1964 tam

197 1983 375 2055 plenos
398 1985 581 2037 semine
617 1982 805 2059 (θορέ)
836 1981 1043 2045 habent,
1096 1996 1150 2034 ut
1182 1983 1342 2052 pressu
1374 1980 1514 2037 facile
1545 1983 1749 2039 destillet
1778 1985 1944 2037 semen
1978 2003 2094 2037 can-

201 2058 390 2112 didum.
427 2060 696 2132 (σπέρμα)
729 2061 922 2112 Meatus
956 2056 1008 2109 hi
1047 2055 1226 2110 bifurci
1258 2075 1283 2110 a
1315 2058 1453 2128 septo
1483 2071 1533 2111 et
1561 2077 1738 2127 magna
1768 2077 1890 2112 vena
1920 2062 2094 2112 oriun-

195 2134 305 2197 ¹tur,
347 2149 395 2187 et
423 2147 532 2186 tum
556 2125 803 2185 “manifesti
837 2145 1070 2203 apparent
1102 2150 1220 2184 cum
1247 2129 1579 2200 foeminarum
1609 2132 1766 2186 vulvis
1803 2126 2090 2204 comparati,

198 2227 316 2261 cum
339 2207 532 2279 reliquo
553 2207 731 2260 deinde
755 2221 986 2275 tempore
1007 2209 1206 2274 ignaros
1226 2204 1417 2260 lateant.
1503 2208 1756 2260 Interdum
1787 2211 1921 2261 enim
1959 2223 2009 2261 et
2037 2213 2089 2262 in

198 2282 446 2336 nonnullis
482 2281 759 2335 admodum
791 2280 985 2334 obscuri
1018 2280 1303 2349 redduntur.
1380 2282 1634 2335 Differunt
1661 2286 1789 2335 inter
1814 2283 1861 2335 se
1894 2298 2088 2337 meatus

197 2357 432 2426 genitales
460 2359 608 2410 maris
638 2370 685 2409 et
716 2353 966 2410 foeminae
993 2370 1102 2409 tum
1132 2353 1238 2408 aliis
1268 2360 1430 2420 notis,
1470 2370 1577 2409 tum
1599 2360 1745 2410 etiam
1771 2357 1908 2428 quod
1939 2361 2088 2412 maris

196 2431 386 2486 canales
408 2430 588 2484 lumbis
611 2432 698 2482 fixi
718 2430 999 2493 adhaerent,
1038 2427 1371 2483 foeminarum
1391 2449 1510 2484 vero
1529 2428 1953 2485 meatus'mobiles
1979 2433 2089 2484 sunt

194 2521 245 2560 et
268 2504 553 2563 membrana
574 2507 714 2557 tenui
738 2503 962 2558 involuti.
1040 2504 1134 2557 Sed
1163 2503 1284 2558 haec
1319 2506 1750 2577 quemadmodum
1781 2506 1827 2560 se
1856 2506 2087 2570 habeant,

192 2600 255 2635 ex
275 2582 446 2650 figuris
467 2583 756 2634 anatomicis
776 2579 1063 2632 discendum
1088 2579 1168 2632 est.

343 2694 518 2762 Caput.
540 2695 662 2743 XIII.
701 2690 857 2743 Pisces
878 2692 1062 2760 ovipari
1081 2686 1282 2742 vulvam
1302 2686 1542 2743 bifurcam
1558 2705 1704 2762 atque
1715 2687 1914 2744 inferius
1937 2687 2086 2757 (infra

188 2764 405 2836 septum)
436 2764 630 2819 habent.
715 2769 911 2818 Pariunt
939 2784 1031 2819 ova
1062 2780 1267 2827 omnes,
1326 2768 1408 2835 qui
1439 2765 1650 2836 squamis
1680 2784 1859 2836 corpus
1894 2763 2081 2818 tedium

187 2841 397 2904 habent,
449 2838 786 2908 (λεπιδωτοὶ)
815 2839 966 2894 veluti
994 2838 1188 2902 labrax,
1232 2837 1414 2907 mugil,
1463 2839 1725 2909 cephalus‚
1773 2839 1969 2900 euteliS‚
2028 2853 2080 2892 et

182 2921 273 2989 qui
305 2915 403 2970 albi
438 2915 766 2986 appellantur,
823 2910 1054 2982 (λευκοὶ)
1091 2931 1296 2976 omnes,
1347 2927 1396 2966 et
1424 2911 1612 2975 laeves,
1657 2915 1836 2980 (λεῖοι)
1872 2929 2078 2983 excepta

183 2990 420 3059 anguilla3
465 3009 620 3044 ovum
640 2990 823 3043 horum
846 2987 1036 3043 friabile
1057 2990 1138 3042 est'.
1179 2981 1498 3064 (ψαθυρὰ),
1575 2992 1643 3043 Ita
1673 3006 1852 3058 nempe
1882 2988 2076 3041 videtur

182 3067 483 3136 (inspicienti
505 3064 693 3131 obiter)
727 3069 965 3137 quoniam
986 3063 1128 3118 vulva
1154 3076 1257 3116 tota
1279 3061 1452 3115 referta
1474 3065 1584 3116 ovis
1605 3064 1698 3124 est,
1736 3066 1801 3115 ita
1823 3077 1874 3115 ut
1897 3067 1944 3115 in
1963 3079 2073 3133 par-

181 3144 254 3194 vis
280 3141 492 3213 piscibus
525 3157 620 3200 ova
659 3154 850 3195 tantum
892 3140 996 3197 duo
1025 3139 1203 3269 adeffe}3
1218 3137 1506 3265 {ideantur²
1569 3136 1719 3194 vulvar
1739 3139 1838 3219 ipsa
1867 3152 2071 3223 propter

1281 3229 1308 3280 3
1964 3230 2068 3265 exi-
