2571 3775
1027 358 1317 380 ··-··“·······
2017 350 2118 398 261

237 491 450 549 limique
470 491 762 546 graecorum
785 484 1008 526 veterum
1036 470 1337 526 versionibus
1362 470 1577 525 illustrari
1608 486 1898 541 coeperant,
1933 476 2125 542 reperio

235 551 492 605 aridiorem
510 550 757 606 Gallicum
778 545 889 600 libri
909 546 971 600 de
995 560 1162 598 natura
1188 564 1371 609 rerum,
1427 566 1543 600 uem
1556 546 1789 615 excerpfit
1820 542 2123 600 Vincentius

235 627 385 678 XVII.
413 643 518 695 cap.
552 646 568 676 1
589 643 608 675 1
625 643 667 684 ς.
709 621 950 695 quaedam
977 620 1039 672 de
1061 639 1193 692 equo
1215 567 1435 674 fluviatili
1454 620 1719 681 tradidisse,
1757 620 1952 672 vetustis
1985 617 2125 671 sabu-

234 697 293 752 lis
315 703 613 760 commixta,
664 715 790 769 quae
813 715 877 749 ex
897 698 1156 765 recentiori
1186 694 1347 767 aliqua
1379 700 1547 749 notitia
1583 692 1727 747 (ludia
1761 692 1854 746 effe
1884 693 2125 746 videntur.

231 775 420 827 Ponam
453 775 602 840 igitur
630 770 773 824 verba
807 772 902 842 ipsa
934 771 1179 839 scriptoris
1206 788 1268 823 ex
1293 774 1451 840 capite
1474 769 1670 822 laudato
1697 765 1754 822 V
1755 763 1963 820 incentii
1985 765 2126 838 quod

205 915 209 919 p
233 843 294 900 de
314 860 438 918 equo
460 843 659 900 marimo
688 853 737 900 et
757 840 986 917 equom'lo
1019 851 1068 897 et
1089 858 1215 914 equo
1225 841 1461 914 flaminis
1486 845 1771 913 inscriptum
1800 844 1881 896 est.
1956 845 2126 912 Equus

229 924 473 983 marinuS,
514 923 698 992 inquit,
736 923 804 973 est
827 921 1104 974 monstrum
1124 916 1467 981 fortiffimuim
1505 918 1628 971 nihil
1649 931 1785 970 extra
1807 933 1985 988 aquam
2013 928 2130 985 pot-2

229 995 324 1056 est,
359 1008 412 1047 ut
436 994 553 1048 dicit
571 994 887 1058 Aristoteles,
921 994 1000 1047 sed
1022 994 1209 1055 statim,
1253 1006 1306 1046 ut
1328 1011 1566 1065 aquarum
1587 995 1793 1045 carue-rit
1815 1003 2007 1051 natura,
2048 1006 2129 1041 ca-

229 1067 356 1121 rebit
377 1082 427 1121 et
445 1073 555 1122 vita.
631 1069 864 1123 Aliorum
888 1069 1092 1139 piscium
1113 1065 1339 1120 carnibus
1361 1070 1493 1119 vivit.
1568 1070 1621 1118 In
1639 1082 1800 1135 pugna
1821 1062 2018 1116 crudele
2041 1064 2128 1124 est,

229 1142 311 1195 sed
334 1142 598 1196 hominem
616 1147 786 1205 timet,
825 1156 874 1195 et
894 1156 1061 1195 contra
1082 1158 1199 1194 eum
1216 1144 1358 1211 patiri
1379 1139 1511 1201 bello
1534 1137 1779 1193 formidat.
1834 1135 2125 1208 Equonilu8‚

220 1227 284 1268 ‘ut
310 1216 427 1269 dicit
448 1217 663 1271 Michael
690 1215 875 1289 (nefiio
897 1210 1146 1287 Ephestas
1165 1231 1230 1267 an
1254 1212 1439 1269 Scotus
1466 1210 1817 1284 intelligatur)
1848 1213 2124 1265 monstrum

228 1291 296 1350 est
318 1294 491 1358 ingens
511 1310 568 1344 ac
590 1289 961 1351 ferocissimum,
989 1293 1040 1341 in
1062 1290 1179 1343 Nilo
1200 1288 1444 1342 habitans.-
1492 1290 1666 1350 Crura,
1687 1287 1839 1358 pedes
1861 1300 1909 1339 et
1932 1302 2126 1354 ungues

229 1363 401 1427 habet,
440 1380 495 1418 ut
514 1365 825 1429 crocodilus,
861 1365 941 1418 sed
963 1363 1124 1418 multo
1144 1366 1346 1430 majora.
1408 1368 1754 1416 Humanarum
1773 1364 2012 1414 mortium
2040 1378 2128 1411 cu-

228 1439 533 1508 pidiffimum
554 1443 646 1495 est:
681 1458 798 1493 nam
831 1459 948 1492 cum
969 1442 1013 1491 ei
1034 1442 1171 1492 navis
1191 1441 1242 1490 in
1262 1452 1412 1508 portu
1432 1441 1726 1500 occurrerit,
1763 1455 1920 1489 unum
1947 1434 2130 1505 pedem

226 1516 279 1576 in
303 1519 431 1567 terra
453 1516 634 1583 figenS‚
675 1514 829 1569 altero
858 1530 1035 1567 navem
1066 1516 1117 1566 in
1147 1517 1376 1567 anteriori
1405 1516 1642 1583 arripiens
1676 1509 1903 1564 facillime
1934 1508 2125 1570 scindit,

229 1587 306 1639 vel
329 1587 609 1642 inclinatam
635 1588 898 1661 aliquando
919 1591 1112 1656 mergit.
1205 1588 1357 1640 Unde
1377 1591 1428 1640 in
1455 1586 1603 1650 locis,
1638 1590 1695 1638 ¹in
1719 1583 1898 1656 quibus
1921 1581 2122 1644 habitat,

226 1664 455 1715 immanis
481 1662 746 1717 multitudo
771 1663 1039 1717 hominum
1071 1661 1292 1732 perditur
1325 1681 1410 1732 per
1440 1681 1554 1715 eum
1571 1699 1586 1723 ,
1622 1660 1702 1713 sed
1725 1660 1823 1713 hoc
1846 1656 2031 1715 malum
2051 1674 2123 1708 ra-

225 1736 406 1789 riffime
429 1740 689 1789 invenitur.
763 1736 921 1790 Nullis
947 1740 1058 1805 capi
1080 1736 1236 1806 posset
1253 1738 1608 1799 instrumentis,
1642 1733 1726 1788 nifi
1746 1747 1847 1786 rete
1876 1730 2037 1785 ferreo
2059 1747 2122 1782 ex

226 1814 409 1864 catenis
442 1811 569 1882 apud
602 1812 935 1865 Damascenos
963 1814 1014 1862 in
1042 1809 1142 1863 hoc
1171 1828 1296 1879 opus
1320 1808 1569 1863 fabricato.
1671 1811 1885 1878 Captum
1918 1822 2123 1876 quoque

227 1884 413 1938 malleis
434 1899 624 1939 tantum
655 1884 821 1940 ferreis
844 1884 1100 1940 occiditur.
1199 1882 1342 1937 Pellis
1373 1887 1477 1951 ejus
1506 1887 1651 1937 unius
1682 1882 1834 1935 cubiti
1862 1878 2122 1951 spiffitudi-

228 1975 346 2010 nem
365 1958 545 2013 habere
565 1960 769 2022 dicitur,
807 1974 1066 2028 tantaeque
1088 1957 1182 2011 effe
1203 1958 1438 2020 duritiae,
1476 1972 1531 2010 ut
1551 1957 1688 2011 nullo
1710 1955 1871 2024 jaculo
1893 1969 1940 2008 et
1963 1970 2122 2006 arma-

228 2046 332 2084 tura
349 2038 590 2103 penetrari
611 2036 771 2105 poffit.
857 2038 1028 2105 Equus
1049 2034 1284 2093 fluminiS,
1321 2045 1377 2084 ut
1395 2032 1514 2084 dicit
1536 2030 1854 2092 Aristotele8‚
1887 2032 1953 2082 est
1976 2046 2124 2080 mon-

229 2109 382 2161 strum
399 2112 447 2161 in
469 2113 688 2171 oriente,
730 2107 889 2162 forma
916 2104 1155 2168 mirabili,
1199 2104 1419 2159 sublimis
1448 2103 1605 2159 faciei.
1683 2108 1860 2161 Crines
1890 2100 2037 2156 habet
2070 2114 2124 2153 ut

230 2199 412 2254 equus,
446 2182 596 2253 pedes
616 2182 746 2238 fissos
769 2197 817 2236 et
835 2180 1065 2236 sotulares
1090 2194 1143 2233 ut
1160 2198 1332 2242 vacca,
1367 2180 1576 2234 caudam
1597 2195 1649 2233 ut
1669 2197 1866 2250 porcus.
1905 2179 2122 2232 Corium

230 2258 334 2322 ejus
357 2256 498 2310 valde
518 2257 723 2310 craffum
752 2259 842 2310 est:
879 2259 1109 2310 interiora
1133 2256 1264 2321 ejus,
1304 2268 1357 2307 ut
1376 2258 1518 2326 equi:
1556 2254 1850 2323 magnitudo
1873 2266 2039 2305 autem
2069 2262 2123 2301 ut

229 2329 364 2385 alini:
409 2331 571 2384 hinnit
599 2346 653 2384 ut
666 2344 861 2403 equus,
901 2334 950 2383 in
977 2344 1101 2382 terra
1122 2343 1171 2381 et
1192 2333 1243 2381 in
1263 2331 1400 2400 aquis
1424 2329 1688 2401 aequaliter
1707 2345 1908 2382 manere
1926 2326 2120 2378 dicitur.

228 2404 421 2459 Deinde
445 2405 580 2458 idem
608 2402 912 2460 Vincentius
933 2422 1036 2474 cap.
1062 2409 1175 2462 136.
1210 2402 1359 2456 alium
1389 2421 1452 2456 ex
1471 2403 1652 2457 eodem
1676 2403 1805 2457 libro
1835 2401 2005 2455 locum
2028 2416 2121 2468 po-

231 2484 326 2543 nit,
376 2479 461 2533 ubi
490 2478 721 2548 leguntur
748 2478 894 2533 haec:
949 2482 1354 2547 Hippopotamus
1384 2480 1451 2531 est
1478 2477 1637 2531 bellua
1667 2483 1716 2531 in
1749 2492 1873 2531 terra
1904 2475 2120 2534 nascens,

228 2556 308 2608 sed
345 2558 397 2607 in
436 2571 557 2625 aqua
599 2567 652 2608 et
679 2568 802 2608 terra
842 2552 1106 2625 aequaliter
1141 2565 1333 2621 potens.
1444 2551 1794 2622 Elephantibus
1827 2550 2121 2621 plerumque

228 2632 401 2691 maior.
476 2630 706 2682 Rostrum
731 2626 878 2682 habet
901 2628 1212 2696 resupinum,
1250 2625 1421 2679 dentes
1442 2627 1690 2689 adunc08‚
1723 2625 1952 2681 nod‘fibus
1986 2623 2120 2690 sege-

228 2719 301 2758 tes
325 2702 563 2774 depascit‚
598 2703 658 2755 ad
687 2721 835 2774 aquas
858 2701 989 2774 quafi
1009 2699 1322 2769 retrogradus
1346 2705 1528 2769 pergit,
1563 2699 1790 2757 libentius
1812 2715 1978 2754 autem
2003 2713 2119 2767 prae

231 2784 430 2833 caeteris
453 2776 667 2849 partibus
702 2781 925 2848 corporis
945 2780 997 2829 in
1022 2774 1230 2846 pedibus
1257 2773 1457 2828 vulnera
1478 2780 1667 2845 accipit.

377 2931 428 2979 In
449 2925 566 2979 Nilo
589 2925 773 2978 habitat
794 2940 842 2980 et
862 2929 911 2978 in
932 2922 1150 2994 partibus
1170 2924 1335 2976 Indiae
1358 2926 1621 2993 praecipue
1640 2927 1903 2994 reperitur3
1930 2939 1992 2974 ex
2011 2921 2114 2986 ejus

228 3016 339 3055 cute
355 3014 611 3054 tornantur
628 2999 797 3053 hastae.
836 3004 952 3053 Non
967 3018 1093 3069 opus
1108 2998 1203 3052 effe
1218 3013 1358 3069 puto,
1370 3014 1422 3050 ut
1434 2998 1640 3067 operose
1663 2998 1973 3065 distinguam,
1987 3011 2115 3067 quae

216 3093 355 3149 ⁴nova
378 3075 457 3132 hic
479 3075 717 3130 acceffiise
738 3075 980 3140 videntur,
1020 3074 1185 3129 nescio
1206 3092 1392 3200 exkquo
1411 3069 1576 3135 sonte3
1607 3070 1747 3125 facile
1763 3076 1899 3127 enim
1926 3068 2114 3196 ipsede-

1202 3151 1244 3201 K
1330 3165 1354 3210 3
2056 3163 2116 3197 or
