2571 3775
1040 340 1330 362 “““““““““
2027 348 2129 399 139

233 481 363 539 ⁴quae
391 462 558 518 multis
575 449 859 517 vuanous
890 453 1020 507 male
1051 451 1348 506 multabatur
1379 452 1442 507 ab
1473 458 1627 509 amiis.
1682 457 1767 511 ubi
1803 477 1894 529 pro
1923 459 2128 530 vulgato

239 544 446 600 nomine
479 534 616 608 ἅμα
652 545 841 602 praeter
874 529 1092 602 Codices
1120 546 1301 596 omnes·
1327 533 1476 581 etiam
1510 544 1650 583 vetus
1685 546 1732 583 et
1755 530 1937 587 Gazae
1970 535 2126 590 verfio

233 608 412 687 λαμῖω
442 624 490 661 et
517 626 611 677 pro
646 603 1095 664 MSSvao-Scffm
1125 600 1307 655 habent
1337 602 1514 656 rediius
1542 604 1976 666 καθελκωθᾶσοι,
2052 616 2127 663 Ex

235 691 399 757 priore
427 678 721 750 Aristotelis
744 680 858 733 loco
885 676 1027 730 refert
1055 675 1208 730 verfio
1236 680 1432 748 antiqua
1461 678 1591 748 apud
1628 677 1687 732 V
1686 677 1953 739 iacentium
1978 687 2126 734 XVIII

238 778 342 828 cap.
371 777 389 808 1
404 773 488 820 42.
540 753 776 814 Malaciae
798 767 846 806 et
864 769 1011 805 vacca
1034 766 1083 804 et
1099 750 1260 823 aquila
1274 765 1323 804 et
1334 750 1542 805 laminae
1554 756 1771 805 marinae
1785 755 2127 810 coeuntdorso

230 832 295 886 ad
313 830 527 883 dorsum.
606 825 884 899 Oppianus
904 832 938 879 I.
967 847 994 887 3
1006 843 1091 890 70.
1140 825 1450 878 horrendum
1483 825 1661 879 rislum
1688 825 1886 881 infestae
1907 834 2127 884 Lamnae

231 900 495 977 (Mum-5)
541 905 664 954 inter
714 905 840 956 Cete
887 914 1267 954 commemorat.
1381 901 1536 969 Apud
1579 899 1883 973 Hffzsclzium
1903 912 1905 914 ’
1927 910 2126 974 reperio

233 974 524 1055 Δράλοιινοι
554 972 747 1049 Λάμια
773 980 917 1035 Κῶοι.
960 973 1047 1028 ubi
1068 973 1195 1028 forte
1217 972 1306 1026 fuit
1323 973 1446 1026 Olim
1468 970 1734 1037 Φεὲλοιινῡι,
1771 976 1900 1047 quafi
1924 977 2124 1032 balaena

235 1072 262 1107 a
284 1056 404 1107 Cois
436 1050 569 1104 dieta
588 1048 741 1104 fueritv
760 1055 974 1109 Lamna3
1022 1048 1158 1121 quod
1186 1067 1374 1101 nomen
1409 1067 1470 1101 ex
1498 1053 1669 1100 Lamia
1700 1049 2011 1103 contra&um
2041 1056 2125 1107 est.

234 1123 508 1182 Nicander
546 1128 597 1177 in
630 1125 813 1184 Gloffis
847 1123 1147 1176 carchariam
1175 1125 1325 1193 etiam
1357 1120 1555 1175 lamiam
1591 1137 1642 1175 et
1678 1122 1872 1189 scyllam
1893 1124 2123 1195 appellari

230 1200 496 1255 tradiderat
516 1197 717 1253 audlore
744 1195 1003 1252 Athenaeo
1026 1202 1123 1251 VII.
1144 1216 1184 1248 c.
1217 1203 1293 1247 16.
1330 1214 1482 1267 quem
1517 1195 1688 1251 locum
1719 1202 1910 1267 repetiit
1935 1196 2123 1270 Eusta-

232 1272 376 1329 thius
396 1274 459 1326 ad
482 1273 680 1326 Iliadem
703 1277 853 1324 T.III.
878 1291 923 1342 p.
957 1290 1014 1335 ¹7
1030 1290 1048 1321 1
1063 1291 1109 1330 4.
1139 1270 1215 1323 ed.
1236 1268 1393 1323 Politi.
1478 1275 1703 1324 Lamiam
1726 1277 1950 1327 nominat
1973 1278 2123 1329 etiam

236 1345 533 1403 Antoninus
553 1347 788 1400 Liberalis
809 1344 1141 1415 Metamorph.
1177 1363 1218 1396 c.
1244 1356 1289 1403 8.
1384 1341 1595 1399 Plinius
1636 1364 1756 1400 vero
1788 1352 1866 1399 IX.
1898 1367 1999 1420 cap.
2040 1367 2124 1416 24.

237 1422 406 1476 lamias
423 1427 545 1474 inter
564 1421 906 1489 cartilagineos
930 1420 1084 1489 pisces
1105 1420 1322 1488 recenset
1343 1437 1405 1470 ex
1437 1416 1720 1489 Aristotelis
1751 1420 1882 1476 loco.
1991 1419 2123 1478 Car-

234 1495 442 1550 clmrz'ae
466 1515 652 1550 nomen
674 1493 819 1548 habet
843 1514 867 1548 a
890 1495 1110 1547 dentium
1133 1495 1288 1561 figura
1307 1506 1445 1545 acuta
1474 1508 1521 1546 et
1537 1493 1740 1564 paulum
1761 1510 1970 1558 arcuata,
1990 1497 2124 1551 unde

239 1575 403 1639 graeci
427 1567 554 1624 feras
579 1588 777 1640 rapaces
808 1568 1222 1624 carcharodontes
1256 1567 1501 1620 dixerunt.
1580 1564 1897 1623 Carclwrum
1925 1571 2123 1626 videtur

236 1649 497 1700 nominare
518 1641 785 1699 Columella
805 1648 924 1697 VIII.
961 1660 1035 1706 17.
1064 1660 1143 1694 12.
1184 1656 1318 1704 tum,
1355 1645 1534 1714 inquit,
1569 1641 1787 1696 scombri
1807 1644 2126 1719 carcharique

231 1720 283 1773 et
302 1719 513 1788 elaeatae
531 1717 861 1781 ventricuIOS‚
901 1731 949 1770 et
969 1735 1032 1770 ne
1068 1735 1156 1787 per
1192 1714 1374 1784 fingula
1402 1735 1693 1770 enumerem
1724 1718 2123 1775 salsamentorum

235 1797 467 1848 omnium
489 1806 834 1864 purgamenta,
870 1809 997 1863 quae
1030 1794 1328 1844 cetariorum
1367 1792 1581 1844 officinis
1612 1807 1915 1847 everruntur.
1992 1793 2124 1850 Car-

202 1932 205 1933 ?
236 1866 425 1922 charus
449 1872 595 1936 igitur
616 1866 695 1921 ille
718 1881 821 1920 erat
843 1867 982 1937 piscis
1007 1880 1252 1927 cetaceus,
1281 1869 1367 1936 qui
1390 1864 1483 1918 lale
1507 1865 1730 1921 diffecffus
1751 1869 1902 1921 condi
1925 1868 2124 1924 solebat.

202 1941 208 1946 ’
239 1941 525 1997 Carcharias
546 1945 696 1995 maris
722 1940 853 1993 rubri
875 1938 1101 1992 nantibus
1130 1937 1326 1992 infestos
1350 1957 1714 1995 commemorat
1749 1939 2126 2014 Theophrastus

237 2018 418 2070 Histor.
451 2014 600 2068 Plant.
621 2021 698 2069 IV.
732 2028 776 2074 8.
818 2030 964 2087 atque.
996 2032 1058 2066 ex
1087 2013 1206 2067 loco
1235 2010 1444 2067 Plinius
1474 2019 1592 2066 XIII.
1624 2035 1726 2086 cap.
1751 2033 1832 2074 Ως.
1881 2016 2124 2071 caniculas

241 2096 595 2160 interpretatur.
670 2088 879 2141 Videtur
901 2093 1047 2140 etiam
1076 2085 1362 2156 Aristoteles
1384 2088 1680 2142 carchariam
1700 2089 1902 2159 intelligi
1917 2091 2124 2145 voluiffe

160 2185 165 2190 ·
241 2180 325 2219 aut
356 2163 563 2219 similem
585 2178 867 2225 cetaceum‚
900 2161 984 2214 ubi
1005 2163 1257 2232 separatim
1279 2167 1717 2217 canemnominat.

389 2240 629 2291 Ceterum
650 2242 925 2303 Synonyma
945 2235 1239 2308 Squalorum
1262 2250 1314 2287 ut
1340 2250 1501 2288 totum
1530 2256 1706 2291 eorum
1739 2257 1894 2306 genus
1925 2244 2126 2309 egregie

242 2331 399 2383 nuper
421 2311 657 2382 explicuit
689 2325 738 2364 et
766 2309 1019 2364 illustravit
1039 2308 1346 2363 dofliffimus
1367 2309 1566 2373 Gallus,
1599 2309 1932 2385 Brozffmet,
1962 2333 1987 2366 a
2019 2323 2123 2386 quo

243 2387 461 2459 pluribus
483 2390 629 2439 etiam
648 2386 831 2454 scriptis
855 2383 1152 2456 disciplinam
1172 2382 1590 2452 ichthyologicam
1608 2385 1809 2439 aui’rum
1831 2391 1888 2440 iri
1910 2389 2125 2454 jucunda

240 2463 350 2532 spes
371 2458 491 2513 farsia
512 2463 628 2512 viris
651 2458 808 2512 dod'tis
833 2461 913 2511 est.
1032 2456 1281 2512 Libellum
1307 2458 1368 2510 de
1399 2458 1692 2530 Squalorum
1723 2479 1930 2529 genere,
1972 2482 2126 2535 quem

243 2534 422 2605 gallico
443 2535 669 2587 sermone
689 2533 842 2586 edidit
863 2551 979 2586 cum
1000 2536 1050 2584 in
1071 2536 1270 2602 Scriptis
1283 2533 1523 2585 Academ.
1550 2539 1710 2602 regiae
1730 2536 1990 2590 Parifienfis
2013 2541 2127 2591 anni

251 2622 405 2673 1787.
435 2623 540 2661 tum
563 2612 612 2660 in
634 2612 804 2661 Diario
825 2611 915 2660 viri
934 2605 1093 2669 dotti,
1128 2603 1358 2668 Rozier,
1397 2606 1482 2658 sub
1510 2613 1717 2662 nomine
1746 2611 1906 2674 edito,
1953 2616 2003 2664 in
2032 2614 2127 2664 ser-

245 2703 455 2737 monem
475 2681 790 2736 vernaculum
811 2683 1103 2736 conversum
1127 2695 1174 2733 et
1196 2684 1362 2750 paucis
1396 2683 1794 2739 annotationibus
1824 2684 2025 2739 {rufium
2053 2690 2128 2740 in-

247 2760 373 2812 serui
396 2761 706 2810 Promtuario
731 2758 908 2810 Histor.
930 2770 1080 2808 natur.
1102 2754 1330 2825 Lipfienfi
1352 2760 1465 2808 anni
1498 2769 1650 2821 1787.

399 2827 710 2901 Ριιιόβκτος,
757 2830 1089 2893 RhinobatuS‚
1144 2833 1173 2881 i.
1205 2847 1245 2882 e.
1290 2830 1427 2899 piscis
1459 2849 1520 2882 ex
1553 2828 1691 2885 rhina
1724 2833 1806 2885 seu
1835 2834 2050 2904 strumina
2079 2846 2128 2886 et

2208 2851 2247 2895 Ρ.
2273 2864 2344 2908 99.

250 2906 365 2960 bato
390 2907 471 2957 seu
492 2905 618 2959 rubo
642 2905 954 2977 compofitus.
1042 2900 1330 2971 Aristoteles
1349 2908 1412 2955 H.
1440 2906 1504 2957 A.
1525 2909 1601 2956 VI.
1634 2926 1648 2957 1
1669 2913 1708 2957 i.
1758 2907 1969 2958 Piscium
1997 2922 2129 2970 cete·
2150 2905 2253 2949 Gen.
2279 2924 2345 2962 45·

250 3001 422 3035 rorum
449 2998 627 3047 genera
658 2981 838 3033 diversa
869 2999 960 3033 nec
989 2993 1196 3046 cognata
1227 2981 1363 3032 coire
1394 2979 1625 3051 nondum
1651 2980 1742 3032 viia
1776 2980 1909 3040 sunt3
1946 2981 2131 3052 ‘squati-

248 3074 363 3108 nam
394 3053 547 3107 solam
577 3069 624 3107 et
658 3054 828 3108 batum
865 3055 965 3108 hoc
990 3051 1150 3106 facere
1170 3057 1314 3105 aiunt.
1426 3055 1503 3105 Est
1525 3058 1658 3105 erim
1677 3053 1819 3122 piscis
1846 3053 2019 3126 aliquis
2047 3061 2133 3127 qui

249 3147 441 3188 nomen
461 3148 523 3184 ex
545 3143 756 3204 utroque
775 3127 1108 3202 compofitum
1127 3127 1269 3182 trahit
1289 3125 1550 3191 rhinobati,
1571 3126 1701 3202 quafi
1719 3127 2134 3259 squatino-rajaip

1306 3205 1335 3253 S
1378 3217 1407 3253 2
1972 3222 2091 3275 appe
2113 3237 2133 3250 ·-

2181 2965 2259 3007 No.
2279 2978 2311 3007 1.
