2571 3775
1034 321 1326 357 ΞΕ
2020 326 2122 378 129

237 444 405 500 retulit
427 438 671 498 Albertus
693 438 867 493 XXIV.
888 454 934 506 p.
957 443 1077 499 244.
1093 432 1142 487 b.
1217 431 1427 490 Suillum
1447 452 1509 488 ex
1522 431 1716 505 Istdoro
1731 441 2124 497 nominat'etiam

236 516 668 576 Bartholomaeus
685 510 929 579 Anglicus
951 514 1074 562 XIII.
1093 526 1142 578 p.
1172 519 1289 570 582.

385 594 614 659 Denique
645 586 708 639 ad
736 585 1026 656 acipenseris
1054 601 1211 652 genus
1243 583 1506 636 certiffime
1531 586 1741 653 pertinet
1777 589 1923 638 maris
1963 589 2124 659 Caspii

232 664 393 719 incola
415 659 727 729 oxyrynchus
747 679 772 713 a
796 660 952 713 rostro
974 673 1123 711 acuto
1145 655 1603 728 appellatUS,quem
1618 654 1866 711 Aelianus
1879 664 2026 713 XVII.
2046 680 2124 722 32-

224 738 356 793 >0810
376 735 660 788 cubitorum
683 733 1081 802 magnitudinem
1099 735 1336 796 attingere
1358 734 1439 783 ait.
1516 736 1617 785 Eos
1651 732 1815 801 Caspii
1843 740 2013 804 captos
2051 735 2123 787 di-

228 810 446 866 strahunt
460 847 474 871 ,
518 823 567 862 et
590 808 683 862 sale
705 808 936 862 conditos
958 821 1104 877 atque
1133 804 1398 858 exficcatos
1424 805 1641 859 Camelis
1660 805 1903 860 Ecbatana
1922 801 2122 862 rehunt.

229 888 368 953 Qin
389 897 437 936 et
465 883 609 952 adipe
639 880 859 936 detraslo
879 880 1084 934 farinam
1105 898 1167 934 ex
1187 883 1244 933 iis
1266 879 1565 939 conficiunt,
1606 895 1654 933 et
1673 879 1960 946 hujusmodi
1987 882 2120 937 salsa-

222 972 397 1015 menta
431 958 638 1029 quidem
666 957 913 1019 vendunt,
966 954 1084 1008 oleo
1115 972 1236 1008 vero
1263 955 1582 1022 pinguiffimo
1614 968 1662 1006 et
1700 954 1996 1008 suaveolenti
2028 976 2119 1010 un-

228 1046 424 1100 guntur.
497 1032 668 1103 Atque
700 1034 852 1083 etiam
885 1042 1115 1098 exempta
1145 1046 1207 1080 ex
1235 1031 1292 1080 iis
1320 1027 1502 1080 viscera
1534 1042 1849 1100 excoquunt,
1893 1030 2024 1082 unde
2054 1031 2118 1084 ad

230 1104 505 1176 permultos
541 1107 651 1158 usus
691 1103 1130 1158 accommodatum
1164 1103 1220 1154 fit
1245 1099 1508 1169 glutinum.
1590 1106 1740 1154 Hunc
1772 1106 1918 1170 igitur
1947 1102 2119 1159 locum

225 1179 359 1232 recte
390 1182 488 1244 jam
525 1178 648 1233 olim
680 1175 952 1232 Uardanus
973 1181 1071 1229 VII.
1103 1175 1165 1228 de
1195 1179 1361 1228 variet.
1409 1174 1566 1245 (apud
1596 1174 1873 1247 Gegfwerum
1899 1177 2118 1249 Aquatil.

224 1272 272 1324 p.
297 1256 409 1320 61.)
450 1253 628 1317 deinde
647 1254 744 1323 ipse
765 1249 917 1307 Conr.
938 1248 1131 1322 Gesner
1150 1268 1195 1319 p.
1215 1267 1338 1313 772.
1383 1249 1446 1301 ad
1483 1251 1767 1319 acipenseris
1795 1260 1958 1320 ‘genus
1991 1250 2114 1306 refe-

225 1328 437 1381 rendum
459 1327 552 1381 effe
581 1327 732 1388 vidit,
763 1345 827 1380 eo
848 1329 996 1378 etiam
1016 1336 1309 1392 argumento
1331 1336 1615 1393 permotus,
1674 1327 1813 1396 quod
1842 1327 1994 1380 sturio
2020 1326 2114 1381 ho-

223 1402 405 1474 dieque
429 1420 455 1455 a
476 1406 681 1455 Graecis
703 1403 902 1477 ἔυρίχη
936 1397 1190 1452 οοηῐῑᾶἑὶο
1215 1416 1277 1451 ex
1311 1392 1611 1478 ὀξύρυγχος
1635 1398 1881 1454 vocabulo
1904 1400 2114 1471 appella-

224 1490 317 1529 tur.
395 1476 608 1529 Accedit
634 1475 772 1547 quod
795 1474 1046 1544 hodieque
1069 1475 1236 1526 onmia
1270 1472 1444 1524 eadem
1465 1490 1577 1525 vera
1610 1473 1716 1526 sunt
1746 1475 1807 1527 de
1840 1479 1985 1529 variis
2013 1480 2110 1529 aci-

222 1552 484 1620 penserum
503 1549 780 1621 speciebus,
826 1567 945 1620 quas
966 1552 1016 1600 in
1038 1550 1158 1600 mari
1182 1546 1360 1616 Caspio
1385 1560 1547 1616 captas
1570 1551 1623 1601 in
1642 1551 1802 1603 varios
1839 1550 1949 1603 usus
1971 1549 2108 1604 adhi-

222 1623 340 1680 bent
362 1624 581 1687 incolae,
621 1638 672 1677 ut
694 1623 818 1678 olim
839 1623 991 1676 docui
1012 1621 1074 1674 ad
1097 1617 1362 1675 Aeliawum
1382 1639 1430 1691 p.
1454 1640 1476 1684 5
1493 1641 1514 1681 ς
1529 1639 1574 1687 3.

371 1704 627 1775 Πρίστης,
662 1704 893 1775 Πρίστις.
931 1697 1116 1758 Pristis,
1154 1698 1182 1747 i.
1200 1714 1242 1748 e.
1265 1698 1416 1748 Serra.
1454 1692 1755 1766 Aristoteles
1775 1698 2009 1752 H.A.V1.
2031 1716 2109 1753 12.
2187 1704 2319 1765 2¹93·

219 1772 457 1844 Delphis,
499 1771 731 1844 phalaena
764 1787 812 1825 et
848 1770 1032 1843 reliqua
1071 1784 1177 1823 cete
1220 1787 1347 1841 quae
1388 1788 1491 1823 non
1533 1769 1777 1824 branchiis
1813 1773 1896 1825 sed
1937 1778 2105 1844 capitis
2134 1760 2323 1823 Gen.44,

220 1848 389 1902 fistulis
420 1848 676 1918 respirant,
721 1851 888 1900 vivum
915 1843 1092 1898 animal
1119 1847 1339 1913 pariunt3
1396 1859 1645 1913 praeterea
1677 1849 1826 1899 etiam
1859 1849 2027 1917 pristes
2057 1862 2107 1903 et
2158 1821 2237 1865 No.
2261 1837 2298 1867 ι’

219 1921 312 1976 bos
332 1926 580 1983 marinus,
618 1940 835 1992 quorum
863 1934 1037 1973 neuter
1056 1937 1149 1972 ova
1170 1918 1250 1971 sed
1267 1917 1447 1971 animal
1465 1936 1632 1988 parere
1659 1921 1784 1973 visus
1805 1923 1885 1974 est.
1921 1921 2006 1975 ubi
2022 1942 2107 1976 ve-

220 2011 298 2050 tus
319 1995 475 2050 verfio
495 2015 520 2049 a
535 1995 694 2058 ,Gallo
720 1993 904 2049 Cumas
929 1992 1138 2063 inspecta
1160 1989 1351 2064 Prisas
1373 1991 1542 2056 habet,
1574 1990 1785 2048 Alberti
1811 1992 2000 2064 tristoz
2027 1994 2103 2051 la-

219 2067 324 2124 tine
344 2067 531 2142 pristis
560 2070 732 2141 posuit.
821 2065 1030 2122 Plinius
1066 2071 1149 2119 IX.
1182 2085 1224 2119 c.
1245 2085 1293 2129 4.
1332 2070 1609 2119 maximum
1639 2066 1818 2120 animal
1846 2072 1896 2121 in
1929 2071 2100 2125 Indico

218 2149 342 2197 mari
365 2146 516 2214 pristis
547 2158 595 2196 et
612 2142 812 2196 balaena
842 2143 936 2202 est,
989 2141 1171 2194 eodem
1200 2144 1249 2192 in
1283 2138 1399 2194 loco
1431 2159 1533 2210 cap.
1560 2158 1605 2206 3.
1635 2143 1803 2211 pristes
1836 2161 1899 2196 ex
1929 2145 2101 2200 Indico

219 2221 344 2270 mari
363 2215 617 2270 ducenum
647 2216 928 2269 cubitorum
949 2217 1115 2275 affert3
1156 2213 1292 2265 idem
1311 2232 1414 2284 cap.
1444 2219 1523 2279 1'3.
1561 2233 1686 2287 quae
1707 2215 1810 2285 pilo
1832 2220 2100 2272 vestiuntur

217 2291 397 2346 animal
417 2296 635 2362 pariunt,
669 2305 722 2344 ut
738 2291 893 2360 pristis
910 2288 1108 2341 balaena
1126 2287 1321 2340 vitulus.
1382 2286 1465 2340 ubi
1488 2286 1615 2342 forte
1646 2289 1822 2343 melius
1856 2290 2099 2361 legeretur

216 2370 278 2419 ut
300 2373 376 2420 et-
398 2365 550 2420 Libro
570 2370 769 2418 XXXII.
792 2383 833 2417 c.
854 2384 871 2415 ι
891 2384 929 2416 1.
960 2362 1236 2433 physeteres
1260 2359 1515 2425 balaenae,
1540 2365 1724 2433 pristes,
1749 2368 1988 2420 Tritones
2010 2382 2101 2421 etc.

216 2440 298 2492 sed
317 2440 465 2510 paulo
484 2441 591 2511 post
597 2437 784 2511 serras
803 2451 857 2491 ut
879 2438 1082 2490 diversas
1105 2448 1363 2490 memorat.
1440 2437 1490 2489 A
1521 2441 1679 2508 Scopa
1714 2440 1899 2493 artifice
1928 2443 2099 2511 pristes

216 2531 274 2566 ac
298 2513 450 2568 multa
471 2515 558 2569 alia
579 2516 762 2566 marina
784 2530 1032 2565 marmore
1044 2510 1258 2581 expressa
1279 2508 1740 2566 memoratPlinius
1752 2519 1975 2570 XXXVI.
1990 2516 2031 2570 e.
2056 2536 2101 2576 ς’.
2177 2557 2180 2561 ,

215 2593 275 2640 Et
293 2590 440 2657 poffit
465 2588 638 2660 aliquis
669 2589 913 2647 conjicere
935 2586 1178 2652 ejusmodi
1201 2582 1449 2654 pielorum
1474 2587 1914 2661 statuariorumque
1937 2595 2100 2660 operi-

216 2660 309 2715 bus
331 2666 631 2733 ingenioque
662 2660 815 2713 multa
846 2659 1012 2713 deberi
1040 2661 1275 2727 figmenta
1310 2676 1435 2729 quae
1464 2660 1725 2729 scriptores
1752 2677 1985 2734 tanquam
2015 2683 2100 2718 na-

217 2750 356 2789 turae
385 2736 616 2790 miracula
648 2734 779 2788 libris
809 2749 1002 2804 recepta
1037 2732 1375 2804 prodiderunt.
1487 2730 1702 2788 Nonius
1732 2740 2100 2793 Grammaticus

218 2813 401 2877 navigii
428 2829 582 2879 genus
618 2812 784 2881 pristin
816 2813 879 2862 ait
912 2807 1100 2861 dicium
1145 2807 1239 2861 effe
1278 2826 1303 2860 a
1333 2804 1494 2860 forma
1524 2811 1744 2877 pristium
1782 2815 2100 2875 marinarum,

219 2901 345 2954 quae
376 2883 514 2952 longi
542 2889 766 2954 corporis
794 2883 881 2937 fint
918 2883 998 2936 sed
1031 2884 1230 2950 angusti.
1317 2877 1593 2952 Oppianus
1616 2888 1650 2935 Ι.
1682 2891 1799 2950 369.
1847 2885 2101 2940 crudelem

216 2958 382 3026 pristin
403 2963 653 3020 nominat,
701 2959 781 3012 sed
812 2954 1049 3011 Aelianus
1081 2962 1161 3008 IX.
1186 2975 1273 3022 49.
1326 2973 1387 3007 ex
1418 2974 1482 3008 eo
1513 2955 1628 3010 loco
1658 2977 1844 3011 nomen
1876 2961 2101 3035 πρῆστις

214 3029 376 3094 refert,
397 3050 559 3104 eoque
579 3033 738 3086 modo
756 3034 986 3103 scriptum
1001 3029 1233 3083 exhibent
1244 3028 1542 3083 vocabulum
1562 3034 1610 3082 in
1626 3028 1870 3102 Oppiam
1884 3033 2102 3087 Codices

215 3119 266 3161 et
287 3106 529 3163 editiones
553 3107 807 3181 quaedam.
892 3108 1220 3162 Posteriorem
1249 3105 1531 3174 scripturam
1560 3108 1783 3182 πρῆστις
1801 3106 2108 3238 praefigebat

1273 3181 1316 3233 R
1989 3198 2100 3236 our.
