2571 3775
518 490 870 545 Branchiarum
901 490 1296 559 magnitudinem
1330 491 1462 563 sequi
1495 486 1678 561 ubique
1721 487 1884 544 cordis
1932 487 2312 560 amplitudinem

369 586 461 640 pro
484 571 671 620 ratione
687 571 906 637 corporis
931 568 1115 627 constat
1130 564 1365 634 exemplo
1387 565 1588 617 halecis:
1609 568 1769 630 Hujus
1784 583 1964 633 corpus
1982 582 2127 632 grana
2154 579 2308 629 1992,

371 658 461 706 cor
489 655 653 694 autem
690 661 711 702 3
748 638 1071 710 ponderabat3
1120 654 1289 692 contra
1320 640 1431 706 gadi
1457 636 1697 705 (merlam)
1720 657 1898 708 corpus
1926 657 2094 702 2004,
2130 656 2217 690 cor
2249 649 2310 701 [ξ

371 733 516 784 grana
536 713 837 785 ponderabat
855 718 904 765 in
926 717 1266 782 experimento
1287 729 1311 764 a
1332 710 1400 765 B.
1424 715 1659 768 instituto.
1706 714 1838 766 Gadi
1858 728 2024 768 autem
2048 710 2311 765 branchiae

370 807 638 860 earumque
665 789 903 840 foramina
922 786 1082 842 multo
1103 787 1210 839 sunt
1225 790 1417 839 minora
1440 805 1590 858 quam
1611 791 1660 840 in
1685 787 1873 855 clupea.

535 886 823 936 Generatim
846 883 1027 952 pisces,
1063 885 1148 953 qui
1170 885 1320 935 vitam
1346 883 1555 935 otiosam
1574 887 1623 935 in
1653 900 1816 935 coeno
1850 879 1998 933 abditi
2032 878 2313 948 transigunt,

368 976 513 1011 carne
536 956 676 1017 molli
703 971 752 1009 et
779 956 1049 1024 glutinosa,
1085 975 1172 1009 cor
1199 975 1409 1026 parvum
1433 957 1708 1010 admodum
1730 953 1923 1008 habent.
1962 952 2318 1016 Pleuronedlae

371 1031 615 1098 limandae
640 1050 726 1084 cor
748 1049 893 1099 grana
911 1030 1031 1094 duo,
1069 1037 1250 1100 corpus
1275 1043 1416 1097 2844
1437 1048 1584 1097 grana
1603 1027 1854 1101 aequabat.
1931 1032 2179 1080 Praeterea
2201 1046 2312 1079 cor-

368 1107 445 1159 dis
475 1105 761 1158 irritabilitas
792 1110 954 1159 minor
983 1107 1053 1158 est
1087 1109 1137 1158 in
1165 1105 1516 1170 hujuscemodi
1549 1103 1757 1173 piscibus
1788 1122 1906 1155 cum
1937 1103 2030 1172 ipsa
2063 1102 2308 1169 sanguinis

369 1184 652 1252 quantitate.
688 1183 790 1234 Cor
810 1178 1049 1246 anguillae
1072 1178 1286 1250 luciique
1309 1183 1653 1249 experimento
1674 1179 1890 1230 dicatum
1910 1179 2151 1229 contraria
2169 1173 2312 1246 plane

371 1253 500 1323 figna
520 1254 669 1306 dedit.
727 1253 848 1306 lllud
866 1257 1003 1306 enirn
1028 1272 1270 1307 mucrone
1290 1257 1531 1305 irritatum
1556 1267 1604 1305 et
1624 1270 1838 1322 corpore
1859 1264 2114 1304 exemtum
2134 1267 2309 1320 parum

370 1327 693 1389 movebatur,
735 1347 851 1380 cum
874 1326 990 1380 lucii
1009 1342 1179 1382 contra
1206 1347 1294 1381 cor
1315 1327 1637 1380 vehementer
1660 1341 1708 1379 et
1728 1326 1813 1378 diu
1833 1338 2142 1386 moveretur,
2182 1324 2312 1394 post-

368 1420 522 1476 quam
546 1407 595 1454 in
621 1421 830 1471 corpore
854 1402 1056 1473 quidem
1078 1406 1247 1456 omnia
1270 1405 1393 1454 vitae
1420 1416 1685 1473 motusque
1711 1399 1838 1468 figna
1863 1397 2152 1452 defecerant.
2204 1399 2313 1449 An-

369 1476 551 1545 guillae
580 1491 747 1529 autem
775 1495 955 1545 corpus
983 1491 1182 1530 motum
1214 1475 1557 1538 continuabat,
1590 1477 1853 1548 postquam
1886 1474 2051 1528 cordis
2087 1475 2313 1525 inertiam

366 1554 704 1622 experimenta
727 1553 826 1617 jam
845 1551 949 1604 satis
974 1551 1436 1606 demonstraverant.

521 1660 701 1715 Cordis
730 1657 872 1714 fitum
904 1661 1126 1715 medium
1156 1665 1282 1714 inter
1323 1674 1551 1732 utrasque
1585 1657 1845 1712 branchias
1879 1661 2106 1730 utrinque
2137 1654 2312 1727 pofitas

369 1738 569 1789 arteriae
581 1738 753 1787 unicae
772 1733 1027 1790 branchias
1047 1736 1269 1793 adeuntis
1284 1737 1666 1806 sanguinemque
1680 1733 1963 1787 advehentis
1984 1735 2110 1793 ulus,
2135 1729 2311 1801 pofitio

370 1823 421 1862 et
449 1827 684 1862 numerus
713 1809 933 1879 postulat.
1008 1809 1247 1863 Auricula
1278 1810 1443 1863 cordis
1472 1806 1697 1861 inferiori
1715 1811 1836 1878 parti
1854 1805 2068 1876 apposita
2090 1808 2173 1867 est,
2192 1802 2311 1856 bafis

371 1882 538 1947 cordis
577 1883 896 1952 diaphragma
923 1887 1147 1951 attingit,
1212 1903 1391 1938 mucro
1420 1901 1538 1936 vero
1571 1885 1718 1950 capiti
1751 1880 2035 1935 obvertitur.
2130 1882 2310 1934 Omnis

371 1955 495 2009 haec
525 1955 766 2009 diversitas
796 1976 821 2009 a
847 1958 985 2009 cursu
1016 1959 1257 2025 sanguinis
1293 1957 1510 2028 pendere
1542 1956 1763 2018 videtur,
1797 1958 1935 2021 cujus
1966 1957 2179 2007 maxima
2201 1970 2313 2022 pars

372 2048 436 2082 ex
460 2028 697 2083 membris
715 2029 1068 2100 posterioribus
1083 2032 1208 2085 redit
1229 2031 1288 2084 ad
1309 2050 1414 2094 cor,
1449 2049 1566 2084 cum
1587 2034 1636 2082 in
1657 2030 1877 2084 humano
1902 2048 2111 2099 corpore
2134 2043 2312 2095 magna

369 2108 521 2157 etiam
544 2122 654 2174 pars
676 2123 738 2157 ex
762 2104 999 2158 membris
1031 2105 1363 2176 superioribus
1397 2105 1459 2158 ad
1493 2124 1580 2158 cor
1612 2102 1858 2157 referatur.
1935 2103 2171 2156 Auricula
2193 2119 2313 2172 pau-

372 2177 478 2230 lum
511 2179 570 2231 ad
598 2177 830 2233 sinistram
859 2181 1089 2235 conversa
1118 2183 1268 2246 jacet,
1319 2181 1700 2251 sanguinemque
1732 2182 1904 2248 recipit
1924 2196 1952 2230 a
1988 2176 2090 2230 sinu
2125 2176 2309 2249 aliquO‚

369 2270 521 2324 quem
539 2271 779 2307 venarum
801 2253 1015 2325 plurium
1031 2258 1194 2309 vcoitus
1217 2255 1379 2307 efficit.
1416 2258 1558 2306 Sinus
1580 2256 1663 2306 iste
1683 2252 1895 2305 auricula
1916 2252 2076 2306 multo
2097 2250 2308 2321 amplior

369 2328 478 2387 est3
540 2329 617 2379 via
650 2346 736 2397 per
765 2342 1024 2398 utramque
1063 2334 1319 2380 cavitatem
1349 2330 1533 2382 ducens
1571 2345 1632 2380 ex
1662 2341 1797 2399 parte
1825 2326 2026 2379 valvulis
2056 2325 2309 2378 clauditur.

372 2400 510 2451 Idem
539 2399 663 2454 finus
695 2401 825 2454 adest
856 2405 904 2452 in
937 2401 1185 2472 reptilium
1212 2415 1260 2453 et
1290 2401 1667 2474 quadrupedum
1695 2405 2015 2470 oviparorum
2044 2399 2246 2461 ordine,
2280 2416 2323 2467 a,

372 2473 668 2545 quibusdam
714 2475 973 2547 (adeoque
1016 2476 1120 2545 ipso
1159 2473 1310 2531 Edlcs.
1351 2474 1517 2548 Tyson
1558 2479 1607 2528 in
1641 2478 1836 2546 viperae
1867 2475 2157 2529 caudisonae
2195 2481 2309 2526 a'na-

373 2550 556 2612 tomia)
590 2567 706 2601 cum
742 2548 957 2601 auricula
990 2549 1135 2602 altera
1170 2550 1330 2603 cordis
1361 2564 1687 2620 comparatus.
1769 2552 2067 2618 Sanguinem
2106 2548 2224 2601 hinc
2257 2552 2320 2613 in*

374 2621 644 2675 auriculam
677 2622 887 2692 impellit
924 2623 1301 2692 diaphragmatis
1344 2624 1650 2685 contrastio,
1710 2623 1846 2694 quod
1884 2622 2113 2694 permulti
2154 2623 2309 2692 pisces

372 2695 508 2748 fibris
537 2695 886 2749 muscularibus
917 2696 1128 2751 oblitum
1163 2697 1358 2751 habent.
1465 2695 1763 2751 Adneelitur
1798 2699 2001 2769 quidem
2034 2696 2308 2767 pericardio

373 2769 516 2830 illud,
558 2784 609 2821 ut
631 2773 678 2822 in
698 2769 919 2824 humano
941 2779 1177 2842 corp0re‚
1215 2772 1296 2825 sed
1320 2773 1405 2823 usu
1425 2771 1565 2842 plane
1595 2773 1801 2826 diVerso.
1876 2775 2006 2824 Nam
2023 2775 2072 2822 in
2099 2770 2307 2824 homine

372 2842 597 2896 adhaesio
621 2843 994 2913 diaphragmatis
1023 2846 1239 2916 pendere
1270 2847 1484 2899 creditur
1505 2865 1529 2899 a
1551 2850 1781 2900 continua
1811 2845 1974 2898 cordis
2000 2845 2307 2915 depressione

372 2930 422 2969 et
449 2916 534 2969 fitu
568 2920 786 2986 corporis
821 2917 1011 2985 ereslo3
1067 2923 1117 2971 in
1144 2921 1312 2989 piscini
1350 2939 1469 2974 vero
1499 2923 1719 2990 corporis
1747 2918 1986 2989 politione
2016 2917 2307 2974 horizontali

253 3040 261 3049 ,
294 3052 297 3055 ,
334 3001 338 3005 “
373 3009 461 3044 cor
483 2989 753 3056 subjec‘ium
775 2992 1088 3063 diaphragma
1109 3012 1331 3065 premere
1355 2994 1493 3048 nullo
1516 2994 1673 3048 modo
1693 2995 1863 3064 potest.

521 3089 859 3143 Vena-iculum
881 3093 1087 3142 unicum
1107 3108 1223 3142 cum
1239 3093 1378 3141 unica
1404 3089 1612 3142 auricula
1634 3088 1763 3142 reffle
1785 3089 2310 3160 comparantzootomi

375 3174 491 3210 CUffl
512 3157 688 3220 dextro
713 3164 916 3220 humani
938 3164 1100 3220 cordis
1123 3163 1396 3219 ventriculo
1419 3179 1466 3218 et
1491 3163 1703 3219 auricula
1725 3163 1882 3219 lateris
1904 3166 2150 3231 ejusdem3
2187 3164 2311 3214 reci-

2170 3248 2313 3309 piunt
