2571 3775
361 284 396 333 4
484 277 486 279 ’
1149 279 1440 298 -····“···

370 398 641 451 accuratius
675 393 966 465 inspexeris,
1024 412 1130 448 non
1157 391 1317 446 solum
1350 410 1518 446 veram
1546 388 1775 444 vocabuli
1804 384 2051 466 διάφυσις
2079 397 2243 447 notio-

323 476 350 493 “
371 490 489 525 nem
512 472 766 541 partisque·
790 471 1156 521 intercurrentis
1189 481 1412 520 naturam
1451 466 1709 534 agnosceS,
1767 466 1849 518 sed
1876 485 2058 519 vocem
2093 472 2241 520 etiam

373 545 471 605 ἔσω
507 544 678 597 locum
706 543 847 594 suum
863 557 1032 595 tenere
1059 541 1239 595 debere
1267 544 1477 613 reperies
1506 542 1674 593 statim.
1761 543 1896 596 Cum
1919 545 1968 593 in
1988 541 2242 603 omnibus,

374 637 502 691 quos
529 616 650 671 mihi
676 615 840 684 legere
872 615 1034 679 licuit,
1071 615 1203 669 libris
1233 617 1435 687 piscium
1454 614 1703 670 historiam
1734 627 1784 665 et
1810 619 2108 668 anatomiam
2137 617 2242 686 spe-

376 691 618 747 stantibus
642 689 760 744 nihil
780 690 842 744 de
865 692 1044 745 offium
1058 689 1280 759 fingulari
1298 687 1530 744 structura
1553 692 1602 742 in
1625 687 1911 756 Syngnathis
1931 688 2076 744 obvia
2095 690 2241 742 tradi-

377 778 488 821 tum
499 769 778 837 repererim,
808 783 960 835 pauca
975 765 1053 818 hic
1065 778 1297 818 annotare
1318 762 1524 831 juvabit,
1548 781 1672 836 quae
1697 763 1963 833 inTyphle
1984 779 2030 817 et
2049 768 2242 837 Hippo-

379 859 559 912 campo
589 841 880 907 investigavi.
962 838 1263 892 Abdominis
1297 841 1442 906 igitur
1474 855 1530 890 ea
1550 855 1674 907 pars,
1714 836 1838 908 quae
1869 836 1929 889 ab
1962 857 2058 892 ano
2090 840 2242 911 usque

381 916 441 968 ad
479 914 683 968 caudam
716 917 925 966 excurrit
952 931 1054 967 non
1072 913 1214 966 scutis
1234 912 1374 965 offeis
1395 912 1476 965 sed
1499 907 1782 964 membrana
1805 912 1911 964 satis
1944 913 2089 965 craffa
2116 912 2240 965 tedia

381 991 475 1051 est,
513 1006 638 1061 quae
661 986 747 1039 sub
771 1002 962 1058 partum
982 1001 1118 1058 rupta
1152 985 1364 1039 dehiscit.
1439 985 1524 1038 Ad
1551 985 1696 1053 hujus
1728 984 1877 1038 latera
1900 991 2128 1059 utrinque
2148 1005 2242 1040 ova

381 1080 559 1131 magna
578 1061 769 1115 latentia
798 1061 1026 1132 exsculpfi
1054 1065 1103 1114 in
1131 1059 1362 1132 exemplo
1396 1057 1571 1114 ficcato
1593 1075 1641 1113 et
1667 1060 1845 1113 deinde
1864 1079 1985 1133 aqua
2017 1060 2242 1114 emollito

380 1134 576 1193 fluviali.
668 1139 721 1189 In
757 1154 820 1189 eo
854 1135 972 1189 loco
1011 1135 1095 1188 ubi
1131 1154 1250 1189 anus
1281 1149 1414 1188 extra
1447 1135 1764 1205 conspicitur,
1803 1133 1888 1186 sub
1922 1136 2020 1188 fine
2045 1134 2244 1189 dorsalis

381 1216 589 1283 pinnae,
626 1214 800 1264 cavitas
831 1208 1104 1264 abdominis
1132 1213 1315 1262 interna
1360 1208 1540 1280 duplex
1567 1209 1776 1261 efficitur
1806 1228 2049 1279 compage
2085 1210 2246 1277 fingu-

381 1286 469 1339 iari
492 1285 618 1339 offea
635 1321 650 1347 ,
687 1302 837 1357 quam
864 1288 1075 1338 exterius
1103 1283 1412 1346 membrana,
1451 1302 1598 1355 quam
1614 1282 1741 1345 dixi,
1782 1283 2086 1337 crafliuscula
2106 1283 2247 1338 obte-

381 1364 467 1429 git.
522 1357 712 1412 Scilicet
731 1377 756 1410 a
779 1359 921 1411 scutis
939 1356 1210 1412 lateralibus
1244 1361 1462 1428 corporis
1492 1355 1708 1410 lamellae
1730 1355 1851 1410 latae
1873 1358 2030 1411 osseae
2057 1377 2118 1411 an
2144 1377 2247 1411 car-

384 1433 636 1502 tilagineae
666 1447 800 1485 ortae
831 1437 1056 1505 utrinque
1075 1436 1124 1485 in
1146 1432 1313 1486 medio
1335 1431 1636 1494 coalescunt,
1674 1435 1875 1485 minutis
1900 1436 2024 1485 inter
2043 1431 2250 1502 lingulas

384 1509 641 1561 interstitiis
665 1506 935 1561 transversis
964 1505 1155 1560 reliilis.
1249 1506 1346 1560 Sub
1376 1506 1469 1559 hac
1505 1506 1631 1559 ossea
1653 1504 2050 1561 contabulatione
2072 1512 2248 1561 cavitas

385 1580 707 1636 abdominalis
744 1585 979 1643 excurrit3
1037 1580 1119 1651 ipfi
1147 1598 1273 1635 vero
1297 1582 1462 1634 saccus
1491 1584 1598 1633 ovis
1625 1579 1797 1650 plenus
1819 1583 2120 1644 insternitur,
2157 1581 2251 1635 ibi.-

386 1675 482 1729 que
515 1655 636 1708 dum
664 1673 755 1708 ova
794 1657 1015 1708 crescunt
1038 1669 1085 1708 et
1121 1655 1446 1708 excluduntur
1478 1654 1762 1708 membrana
1791 1670 1989 1709 externa
2021 1655 2250 1710 abdomi-

386 1734 460 1784 nis
485 1733 572 1783 imi
595 1728 822 1792 dehiscit,
859 1749 961 1802 quo
986 1730 1302 1783 commodius
1331 1748 1425 1783 ova
1456 1743 1503 1782 et
1533 1728 1650 1799 pulli
1674 1733 1721 1780 in
1748 1731 1921 1796 justam
1954 1731 2250 1798 magnitudi-

389 1823 505 1858 nem
541 1804 819 1857 excrescere
864 1805 1067 1874 poffint,
1140 1823 1232 1856 nec
1266 1805 1515 1857 intestinae
1561 1807 1781 1873 corporis
1825 1817 1984 1873 partes
2002 1797 2250 1875 ‘pondere

389 1878 569 1949 pressae
600 1877 860 1930 laedantur.
937 1880 1196 1932 Costarum
1222 1880 1476 1946 vestigium
1509 1876 1700 1930 nullum
1729 1893 1948 1949 apparet3
1985 1879 2067 1931 sed
2091 1895 2251 1932 verte—

390 1953 587 2005 brarum
611 1951 860 2022 processus
892 1950 1110 2005 laterales
1141 1953 1282 2006 scutis
1325 1952 1566 2024 quadratis
1611 1951 1861 2019 conjunc‘ti
1905 1968 2254 2006 concamerant

389 2028 603 2097 superius
623 2029 878 2078 cavitatem
897 2025 1107 2080 thoracis
1127 2040 1176 2079 et
1194 2026 1498 2086 abdominis;
1546 2024 1827 2079 inferiorem
1847 2041 2012 2079 autem
2037 2032 2252 2082 cavitatis

391 2116 577 2170 partem
595 2101 723 2152 scuta
750 2100 843 2170 ipsa
867 2099 994 2152 offea
1021 2103 1072 2152 in
1099 2100 1305 2168 angulos
1325 2104 1454 2153 varie
1477 2104 1703 2153 coeuntia
1727 2101 1939 2163 firmant,
1973 2117 2054 2154 aut
2082 2116 2252 2156 conta-

391 2174 573 2227 bulatio
595 2172 720 2227 offca
735 2177 988 2226 intertexta
1009 2173 1256 2244 duplicem
1275 2176 1438 2227 efficit.
1511 2180 1652 2229 Hanc
1678 2173 1950 2226 mirabilem
1965 2174 2254 2228 structuram

394 2248 595 2321 quilibet
630 2251 681 2299 in
718 2247 1056 2318 hippocampis
1087 2249 1192 2301 stitis
1219 2246 1529 2315 vulgaribus,
1599 2251 1746 2300 etiam
1781 2246 1913 2301 ficcis
1946 2263 2091 2321 atque
2127 2268 2250 2322 aqua

395 2322 650 2384 emollitiS,
687 2322 966 2390 conspicere
1006 2326 1214 2392 poterit,
1260 2321 1343 2375 ubi
1374 2335 1617 2392 praeterea
1655 2322 1891 2375 diversam
1924 2323 2083 2377 offeae
2111 2343 2255 2378 com-

395 2401 529 2468 pagis
542 2433 556 2458 ,
607 2414 699 2466 qua
723 2394 866 2447 latera
887 2400 1110 2468 utrinque
1130 2396 1426 2468 dorsumque
1447 2397 1701 2448 firmantur
1715 2433 1730 2458 ,
1769 2411 1988 2449 naturam
2011 2400 2254 2466 agnoscet.

397 2471 582 2523 Eadem
618 2487 679 2521 an
709 2469 890 2522 diversa
929 2473 981 2521 in
1013 2469 1228 2524 maribus
1268 2469 1650 2538 syngnathorum
1691 2469 1923 2524 strustura
1971 2476 2254 2543 reperiatur,

398 2544 519 2597 mihi
547 2543 748 2617 quidem
778 2542 1075 2615 nonliquet3
1111 2544 1191 2596 sed
1212 2549 1294 2616 qui
1317 2544 1379 2597 de
1395 2545 1511 2596 sexu
1537 2544 1681 2670 hugps
1704 2549 1896 2612 generis
1938 2546 2132 2616 duplice
2162 2548 2269 2600 dil-0

398 2618 575 2681 bitant,
612 2622 880 2671 accuratius
909 2631 962 2670 ut
981 2636 1275 2687 compagem
1303 2618 1428 2670 hanc
1460 2618 1584 2671 offea
1683 2632 1793 2671 ante
1819 2625 1985 2675 omnia
2014 2625 2062 2673 in
2090 2626 2255 2674 omni-

401 2692 489 2749 bus
534 2690 782 2762 speciebus
828 2706 973 2764 atque
1013 2691 1253 2762 exemplis
1290 2693 1562 2763 inspiciant,
1609 2691 1772 2745 velim.
1875 2699 1939 2746 Ita
1979 2698 2111 2746 enim
2150 2693 2256 2749 fore

396 2767 599 2822 confido
614 2804 629 2829 ,
667 2779 720 2817 ut
741 2764 879 2819 facile
897 2768 1039 2820 sexus
1067 2781 1237 2821 notam
1262 2768 1536 2834 agnoscant.
1613 2766 1954 2836 Osteologiam
1978 2770 2125 2840 ipsam
2146 2769 2258 2823 alibi

388 2839 570 2912 pidlam
601 2839 752 2893 dabo!
1263 2883 1270 2887 .

540 2913 795 2986 Reliquam
824 2914 1071 2968 historiam
1094 2914 1372 2967 litterariam
1396 2933 1510 2967 acus
1534 2915 1647 2967 dedi
1667 2918 1715 2967 in
1737 2920 2012 2986 Specimiae
2032 2915 2262 2984 Ichthyo-

396 2986 551 3055 logiae
570 2994 830 3051 Veterum,
869 2993 1122 3059 repetitam
1153 2993 1199 3042 in
1237 2989 1451 3040 Excursu
1473 2994 1543 3041 III.
1577 2990 1637 3042 ad
1665 2987 1932 3053 Asslicmum
1956 3013 2000 3062 p.
2020 3011 2112 3049 57⁶
2135 2993 2262 3064 seqq.

397 3061 629 3117 Dubitare
660 3065 825 3133 postea
852 3067 1016 3135 coepit
1045 3064 1359 3134 amiciffimus
1390 3060 1637 3118 Blocllius
1670 3083 1792 3119 num
1819 3062 2019 3142 βελόνη
2051 3069 2264 3131 Syngna—

2064 3139 2269 3195 thorum
