2571 3775
2076 413 2185 463 297

226 535 613 591 argumentum,
647 514 1108 586 cujusexemplum
1134 518 1186 568 in
1218 513 1434 586 piscibus
1458 516 1644 571 viderat
1676 515 2000 590 AristoteleS,
2036 529 2180 581 nervi

233 596 417 649 scilicet
446 596 597 650 medii
629 597 822 647 coitum
857 590 1017 645 omifit
1049 587 1308 644 Albet'tus,
1386 591 1577 659 Quodsi
1601 611 1720 645 vero
1750 596 1892 663 piscis
1916 596 2179 655 cerebrum

233 667 532 740 Arzstoteles
551 683 653 720 tam
672 667 866 727 curiose
879 669 1079 725 rimatus
1109 678 1238 726 erat,
1272 667 1451 719 merito
1475 684 1677 719 mecum
1696 667 2001 722 mirabuntur
2022 671 2177 727 lecto-

234 763 341 806 τες,
384 743 505 813 quid
539 741 618 804 fit,
655 739 931 813 quod-alibi
959 737 1172 810 piscibus
1203 757 1344 792 nares
1378 740 1569 807 negaffe
1598 739 1820 796 videtur?
1856 743 1953 795 Sed
1983 744 2047 797 de
2081 745 2174 801 hac

228 817 534 871 dubitatione
555 817 721 886 postea
741 813 1034 870 videbimus.
1843 855 1850 860 .

376 894 598 943 Primum
629 890 726 944 hoc
756 888 1050 942 dubitationi
1080 886 1199 940 nulli
1235 906 1389 958 porro
1420 885 1702 942 obnoxium
1731 888 1825 943 esse
1851 893 2037 960 potest,
2105 894 2170 948 de

227 968 391 1018 nervis
422 978 474 1017 et
504 969 631 1018 veris
671 963 858 1018 cerebri
901 961 1254 1034 propaginibus
1289 961 1426 1032 loqui
1464 958 1795 1032 Aristotelem.
1885 969 2167 1034 Regionem

227 1053 393 1092 tamen
419 1054 621 1092 exortus
642 1038 847 1092 obscure
872 1038 983 1091 satis
1016 1055 1191 1106 graeca
1219 1037 1463 1088 definiunt
1487 1035 1660 1097 verba,
1699 1036 1783 1090 ubi
1806 1055 1870 1091 ex
1894 1036 2032 1093 oculo
2060 1048 2169 1096 tres

225 1110 421 1169 canales
430 1112 582 1186 ferre
600 1110 844 1167 dicuntur
864 1109 936 1165 ad
950 1107 1222 1166 cerebrum.
1297 1108 1532 1162 Distindte
1553 1112 1708 1178 magis
1725 1106 2001 1167 Albertus:
2029 1112 2164 1169 inter

223 1194 497 1259 utrumque
519 1185 790 1246 oculorum.
829 1186 1039 1240 Fortasse
1058 1184 1174 1254 legit
1192 1188 1232 1237 is
1256 1183 1379 1237 olim
1400 1182 1632 1255 scriptum
1656 1188 1705 1236 in
1734 1203 1913 1252 graeco
1946 1188 2160 1244 Codice:

220 1267 286 1321 ἐκ
311 1264 379 1321 τὲ
409 1258 621 1335 μεταξὺ
642 1266 744 1322 τῶν
772 1259 1092 1336 ὀφθαλμῶν.
1170 1257 1432 1326 Vulgatam
1465 1263 1598 1312 enim
1629 1257 1922 1323 lectionem,
1965 1262 2051 1315 nifi
2077 1277 2162 1319 aut

220 1337 573 1390 emendatione
594 1351 678 1389 aut
703 1338 1030 1406 explicatione
1054 1333 1327 1399 adjuvetur,
1358 1337 1660 1387 convincunt
1679 1333 1860 1407 reliqua
1876 1335 2158 1408 philosophi

219 1409 367 1464 verba
390 1425 437 1464 et
457 1430 622 1464 rerum
642 1425 824 1464 natura.
901 1413 948 1462 Si
978 1413 1084 1480 quis
1115 1422 1281 1460 autem
1315 1408 1600 1477 imprudens
1631 1427 1742 1461 eam
1772 1411 2021 1483 sequatur,
2059 1427 2157 1469 tres

219 1485 354 1538 oculi
377 1504 553 1539 nervos
572 1500 758 1538 temere
781 1483 845 1537 ab
868 1479 1138 1554 Aristotele
1162 1486 1549 1535 commemorari
1567 1481 1768 1554 putabit.

369 1560 596 1613 Medium
627 1559 765 1631 quod
793 1558 1078 1630 appellatur,
1114 1556 1208 1610 effe
1228 1560 1454 1626 opticum
1473 1575 1740 1610 nervorum
1761 1575 1874 1627 par,
1906 1557 1983 1612 vel
2006 1578 2069 1613 ex
2089 1580 2154 1616 eo

217 1632 531 1702 intelligitur,
567 1634 704 1708 quod
725 1634 785 1687 ad
809 1632 1069 1686 cerebrum
1089 1630 1328 1702 perlatum
1359 1635 1492 1684 coire
1512 1631 1716 1693 dicitur,
1752 1636 1908 1700 magis
1929 1638 2075 1688 etiam
2102 1640 2153 1690 in

215 1707 427 1777 piscibus
440 1746 454 1770 ,
494 1708 580 1761 ubi
597 1708 716 1762 alter
734 1708 943 1762 alterum
963 1705 1284 1778 supergressus
1306 1709 1522 1761 invicem
1541 1707 1591 1759 se
1614 1705 1876 1769 decussant,
1906 1722 1957 1760 ut
1972 1709 2154 1764 *dexter

216 1782 276 1834 ad
297 1781 534 1836 finistrum
554 1783 759 1836 oculum
772 1820 786 1844 ‚
820 1782 999 1835 finister
1016 1782 1078 1832 ad
1097 1781 1327 1833 dextrum
1346 1783 1603 1849 pertingat.
1678 1783 1830 1834 Coire
1851 1780 1980 1836 redte
2004 1788 2153 1840 etiam

216 1860 265 1909 in
286 1857 491 1912 homine
510 1858 606 1910 dici
626 1859 784 1927 potest
807 1860 1032 1926 opticum
1054 1872 1166 1925 par,
1204 1853 1340 1926 quod
1365 1852 1523 1907 oculis
1545 1855 1701 1907 statim
1719 1871 1943 1926 apparet3
1982 1858 2151 1912 decus-

215 1931 304 1982 sari
346 1946 511 1984 tamen
560 1931 705 1984 fibras
727 1929 1041 1997 Vmedullares
1089 1931 1392 1981 accuratiore
1428 1932 1653 1981 examine
1690 1931 1905 1984 instituto
1949 1933 2068 1986 vidit
2100 1947 2155 1988 et·

216 2003 387 2059 docuit
409 2005 485 2060 Cl.
512 2002 859 2075 Soemmering
884 2003 944 2057 ad
974 2001 1179 2057 version.
1211 2005 1546 2071 germanicam
1569 2000 1715 2056 libelli
1745 2001 2055 2060 Monroiani
2083 2008 2149 2061 de

216 2097 490 2133 nervorum
519 2080 690 2133 officio
719 2098 765 2150 p.
790 2098 811 2141 3
831 2099 870 2130 1.
897 2095 977 2141 32.

366 2154 562 2208 Medius
592 2155 654 2207 ad
684 2151 983 2207 cerebellum
1005 2153 1281 2221 pertingere
1317 2150 1523 2213 dicitur;
1556 2169 1618 2204 ex
1638 2150 1937 2221 proceffibus
1960 2153 2146 2210 cerebri

215 2228 564 2282 medullaribus
587 2230 666 2282 seu
684 2227 906 2281 cruribus
928 2230 1046 2280 oriri
1070 2226 1417 2279 demonstravit
1446 2225 1520 2280 Cl.
1542 2222 1890 2298 Soemmerimg
1908 2247 1952 2298 p.
1978 2248 2061 2294 99.
2082 2230 2146 2283 de

215 2301 315 2354 Bafi
333 2302 624 2373 Encephali‚
655 2321 805 2375 quam
824 2305 1076 2369 originem
1097 2299 1234 2352 facile
1255 2302 1321 2353 est
1354 2300 1415 2351 ad
1441 2298 1738 2352 cerebellum
1771 2302 1930 2370 ipsum
1949 2300 2144 2364 referre,

217 2378 371 2445 Qod
393 2391 637 2447 praeterea
661 2377 850 2429 additur
872 2373 1077 2428 cerebro
1096 2378 1354 2444 propiores
1376 2374 1488 2437 effe,
1527 2373 1623 2427 fine
1646 2373 1798 2428 dubio
1820 2376 1879 2428 ad
1902 2380 2148 2445 originem

217 2469 280 2504 ex
314 2451 519 2504 cerebro
555 2450 866 2505 referendum
903 2452 983 2503 est.
1101 2452 1294 2501 Dicitur
1334 2452 1478 2516 igitur
1515 2448 1739 2502 medium
1778 2469 1861 2520 par
1899 2445 2145 2519 originem

216 2530 511 2580 anteriorem
545 2545 606 2579 ex
637 2524 880 2578 cerebello
910 2522 1116 2585 habere,
1161 2541 1311 2595 quam
1339 2527 1473 2575 nervi
1504 2527 1708 2576 maximi
1737 2524 1819 2577 seu
1854 2523 2150 2594 longiffiini3

217 2614 361 2672 atque
385 2619 446 2654 ex
466 2619 527 2654 eo
547 2614 743 2671 apparet
764 2596 903 2651 fimul
923 2597 1146 2650 medium
1168 2615 1254 2666 par
1274 2596 1371 2648 dici
1397 2616 1574 2651 nervos
1598 2601 1809 2666 opticus,
1848 2601 1987 2671 quod
2004 2601 2150 2657 situm

217 2690 266 2728 et
284 2679 600 2743 originem-in
622 2675 955 2743 longiffimum
979 2686 1028 2724 et
1049 2671 1383 2724 brevissimum
1407 2672 1626 2724 medium
1655 2671 1814 2726 habet.

366 2753 606 2803 Minimus
626 2749 816 2801 videtur
842 2752 989 2800 etiam
1005 2745 1308 2799 breviffimus
1333 2744 1464 2798 recte
1483 2746 1586 2799 dici
1613 2746 1762 2814 posse.
1837 2752 1879 2800 Is
1900 2751 2148 2815 originem

217 2822 412 2877 naribus
441 2829 730 2895 propiorem
764 2826 815 2875 in
843 2822 950 2892 ipso
982 2819 1216 2881 cerebro,
1254 2821 1306 2871 id
1334 2822 1429 2882 est,
1464 2823 1513 2872 in
1547 2819 1674 2873 lobis
1698 2824 1801 2886 ejus
1821 2822 2146 2877 anterioribus

217 2896 377 2950 habet.
451 2898 811 2952 Difficultatem
845 2894 961 2950 facit
983 2894 1222 2968 aliquam,
1260 2894 1400 2965 quod
1423 2899 1645 2948 maximo
1667 2898 1794 2949 inter
1820 2896 1870 2948 se
1892 2895 2149 2951 intervallo

218 2971 388 3025 distare
414 2987 620 3044 uterque
642 2991 732 3026 nec
751 2975 886 3025 coire
905 2971 1096 3023 dicitur.
1143 2971 1375 3023 Distantia
1400 2972 1533 3037 enim
1557 2967 1630 3021 illa
1655 2988 1921 3033 nervorum
1943 2969 2151 3025 olfacio-

215 3049 403 3099 riorum
432 3050 480 3099 in
510 3046 661 3101 brutis
697 3044 988 3099 animalibus
1018 3044 1161 3116 plane
1192 3043 1317 3095 nulla
1347 3045 1415 3096 est
1448 3061 1538 3095 nec
1569 3046 1618 3095 in
1654 3048 1843 3112 origine
1867 3048 2027 3097 necin
2049 3046 2154 3115 ipso

215 3124 410 3181 itinere3
451 3136 620 3176 contra
641 3126 693 3174 in
718 3120 939 3174 humano
969 3118 1174 3173 cerebro
1196 3117 1414 3171 distantia
1437 3120 1638 3184 originis
1659 3135 1926 3173 nervorum
1948 3117 2152 3175 olfacio-

218 3198 407 3251 riorum
425 3196 586 3252 multo
607 3200 774 3252 minor
794 3198 861 3252 est
883 3213 1033 3268 quam
1056 3198 1352 3266 opticorum.
1399 3191 1495 3248 Sed
1512 3191 1636 3248 salva
1657 3211 1733 3248 res
1757 3195 1847 3257 est,
1877 3191 1911 3248 fi
1933 3198 2160 3265 proprie-

1179 3272 1253 3338 Pp
2001 3283 2151 3324 tatem
