2571 3775
1061 341 1352 364 -“·““““
2047 348 2077 388 2
2091 340 2161 402 09*

262 458 470 523 hallero,
525 460 721 522 tillone,
771 455 1124 529 vermibusque
1161 473 1341 510 eorum
1386 457 1766 522 intestinalibus,
1825 475 1874 514 et
1914 462 2155 532 pediculis

257 532 414 602 (forte
439 535 670 600 lernaeis)
705 530 963 594 chalcidis,
1001 549 1128 603 quae
1146 534 1195 582 in
1214 530 1408 600 fingulis
1433 532 1687 600 speciebus
1714 534 1967 602 explicavi.
2043 542 2155 593 Post

257 614 441 678 pergit:
479 608 597 661 nulli
628 620 876 678 praeterea
905 606 1023 676 pisci
1054 605 1232 658 accidit
1251 604 1413 661 similis
1442 605 1663 660 morbus.
1739 611 2024 663 Moriuntur
2044 633 2153 665 ver-

256 683 399 735 basco
429 680 604 742 herba3
665 674 934 754 (φλόμω)
974 680 1089 733 ideo
1118 678 1269 747 vulgo
1301 679 1527 734 lacustres
1567 695 1616 734 et
1645 680 1903 735 fluviatiles
1934 688 2148 754 capiunt,

252 773 375 827 aqua
393 753 604 824 phlomo
637 753 840 816 infesta,
866 741 1063 808 ‘eodem
1093 755 1252 809 modo
1274 755 1547 809 Phoenices
1571 759 1802 809 marinos.
1908 761 2029 811 Sunt
2063 765 2146 831 qui

252 827 450 882 duobus
482 828 583 883 aliis
615 829 838 901 capiendi
857 827 1120 898 generibus
1145 832 1353 883 utantur.
1459 830 1614 899 Qiod
1645 834 1778 883 enim
1803 830 1954 900 pisces
1978 832 2146 888 hieme

247 901 374 955 altos
396 908 614 971 gurgites
634 907 905 957 fluviorum
929 902 1136 972 fugiunt,
1165 918 1364 974 propter
1382 922 1537 976 aquae
1559 903 1718 957 dulcis
1741 902 2071 972 frigiditatem,
2093 912 2144 962 in

245 973 405 1030 fundo
427 982 577 1031 etiam
606 982 876 1045 majorem,
933 978 1122 1032 idcirco
1154 977 1325 1032 foss‘am
1362 982 1413 1029 in
1441 981 1651 1031 fluvium
1680 979 1891 1041 ducunt,
1933 999 2142 1054 eamque

245 1046 400 1104 foeno
433 1066 483 1105 et
515 1052 755 1123 lapidibus
788 1066 1014 1122 opertam
1045 1053 1266 1105 efficiunt
1295 1051 1426 1123 quafi
1458 1052 1739 1121 speluncam
1775 1053 1858 1105 seu
1892 1053 2141 1119 latebram,

218 1155 222 1159 ·
245 1125 382 1177 aditu
400 1140 596 1196 patente
613 1128 673 1180 ad
695 1131 929 1191 fluvium3
957 1140 1080 1188 tum,
1114 1125 1227 1194 gelu
1254 1126 1534 1188 incessente,
1566 1126 1690 1180 naffa
1712 1126 1829 1179 inde
1851 1133 2049 1196 capiunt
2068 1135 2142 1199 pi-

244 1198 362 1252 sces.
440 1200 670 1254 Alterum
693 1216 919 1273 capturae
939 1219 1096 1269 genus
1115 1203 1278 1253 aestati
1298 1215 1346 1253 et
1368 1200 1523 1254 hiemi
1543 1204 1776 1255 convenit
1796 1199 1951 1254 fimul.
2030 1204 2139 1257 Flu-

244 1275 386 1325 vium
406 1275 627 1328 medium
648 1274 901 1329 fruticibus
933 1288 984 1327 et
1017 1274 1255 1345 lapidibus
1290 1277 1697 1338 circumstruunt,
1730 1294 1834 1328 uno
1855 1276 1986 1331 velut
2013 1281 2143 1334 ostio

243 1346 445 1410 relidlo,
486 1351 657 1422 inquo
680 1350 830 1420 posita
849 1349 975 1402 naffa
1005 1351 1249 1420 piscantur
1274 1354 1421 1403 motis
1443 1349 1697 1420 lapidibus.
1800 1354 1917 1403 Hoc
1940 1355 1989 1405 in
2021 1352 2138 1408 loco

244 1440 336 1491 pro
365 1423 567 1491 vulgato
594 1420 785 1499 πλόμω
819 1424 1000 1478 Codex
1028 1424 1285 1477 Mediceus
1319 1419 1741 1502 wdygo-praeferss
1799 1425 1935 1479 idem
1971 1441 2138 1483 tamen

241 1494 393 1565 paulo
420 1499 527 1568 post
551 1486 870 1571 πλωΐξορτες
903 1518 994 1570 pro
1020 1499 1196 1573 πλομί
1217 1522 1367 1567 οντες
1395 1498 1555 1552 habet.
1660 1498 1960 1554 Sine-dubio
1990 1501 2135 1573 phlo-

240 1588 385 1632 muS,
425 1573 508 1624 seu
528 1572 812 1628 verbascum
833 1573 1154 1644 phlomoides
1228 1570 1329 1626 ἱππ.
1362 1572 1673 1642 intelligitur,
1719 1574 1858 1645 quod
1880 1573 2136 1648 hodieque

238 1640 425 1718 φλάμα
442 1647 686 1716 appellant
697 1651 896 1714 Graeci,
923 1650 1041 1701 teste
1053 1645 1112 1703 F
1107 1645 1208 1720 ors
1204 1642 1329 1701 kaol.
1352 1650 1403 1700 in
1423 1646 1561 1701 Flora
1574 1648 1875 1718 Aegyptiaca
1896 1655 2137 1719 pXXXI.>

239 1732 289 1769 et
309 1716 542 1791 Riedesel
563 1725 775 1775 Itinerar.
796 1726 1035 1775 Graeciae
1064 1740 1113 1791 p.
1132 1741 1150 1773 1
1171 1739 1249 1773 12.
1358 1722 1549 1776 Eodem
1579 1721 1780 1777 confilio
1811 1722 1964 1777 hodie
1995 1725 2132 1779 adhi-

236 1789 355 1847 bent
390 1795 644 1849 Piscidiam
676 1795 973 1864 erythrinam
1003 1809 1054 1848 et
1084 1799 1399 1866 Facquiniam
1428 1795 1734 1850 armillarem.
1813 1795 1889 1852 Cf.
1917 1814 2134 1854 annotat.

238 1865 301 1917 ad
330 1865 653 1923 UlloaNotit.
674 1872 898 1924 AmeriC.
929 1874 995 1922 T.
1008 1874 1040 1922 Ι.
1066 1875 1249 1940 p.260.
1325 1869 1520 1924 Phlomi
1540 1868 1654 1924 folia
1677 1885 1726 1925 et
1751 1891 1927 1936 nuces,
1964 1875 2131 1930 nescio

237 1958 386 2011 quas,
420 1941 622 1998 lacubus
644 1943 818 2012 injedla
849 1947 1047 2013 gyrinos
1078 1962 1251 1997 necare
1283 1943 1431 1998 refert
1459 1942 1709 1999 Aelianus
1728 1952 1760 1999 Ι.
1787 1960 1868 2010 58.
1909 1963 1958 2001 et
1979 1968 2042 2003 ex
2065 1968 2131 2004 eo

238 2012 434 2070 Suidas
465 2017 554 2071 sub
574 2037 699 2072 voce
719 2013 945 2094 φλόμος,
999 2023 1079 2072 De
1093 2017 1275 2090 ,plomo
1297 2018 1416 2073 nihil
1435 2015 1646 2073 Plinius
1656 2038 1681 2088 ;
1710 2021 1791 2073 sed
1816 2021 1951 2075 idem
1970 2025 2128 2092 pisces

238 2093 290 2144 in
329 2109 467 2144 mare
505 2092 691 2158 deJedla
730 2091 916 2147 ladiuca
951 2096 1142 2164 caprina
1176 2097 1399 2163 protinus
1439 2097 1604 2146 necari
1642 2098 1705 2147 ait
1732 2100 1840 2147 XX.
1891 2095 2014 2150 Sed't.
2044 2116 2128 2163 24.

237 2163 460 2218 Eandem
496 2163 665 2237 Celsus
685 2171 741 2220 V.
774 2185 822 2230 7.
873 2166 1113 2221 lastucam
1153 2171 1392 2221 marinam
1436 2182 1485 2221 et
1522 2167 1831 2235 tithymalum
1872 2176 2129 2234 nominem

236 2240 560 2312 ejusdemque
578 2242 725 2295 succo
746 2261 863 2294 cum
879 2241 1026 2295 farina
1056 2241 1255 2295 subaclo
1277 2257 1444 2296 contra
1479 2241 1679 2296 lacertas
1711 2248 1860 2296 utitur
1880 2243 2130 2301 Aelianus

208 2336 212 2339 ·
234 2311 266 2365 l.
291 2333 332 2366 c.
407 2315 603 2368 Deinde
630 2320 778 2370 etiam
804 2316 965 2369 radice
1000 2315 1255 2382 cyclamini
1284 2315 1592 2370 chamaecissi
1614 2318 1769 2386 pisces
1794 2324 1956 2373 necari
1985 2322 2127 2375 tradit

233 2384 445 2442 Plinius
466 2394 618 2442 XXV.
646 2389 852 2455 Sestog)
875 2405 924 2444 et
941 2391 1134 2455 radice,
1170 2389 1297 2445 foliis
1319 2405 1367 2444 et
1397 2391 1544 2445 succo
1563 2392 1798 2458 tithymali
1831 2393 2123 2465 platyphylli.

234 2466 411 2517 XXVI.
443 2463 566 2515 Sesl.
582 2482 666 2528 44.
739 2469 890 2517 Hunc
910 2465 1123 2534 phlomo
1151 2463 1356 2521 fimilem
1374 2463 1511 2528 facit,
1553 2480 1602 2519 et
1623 2468 1784 2520 tusum
1804 2487 2027 2543 aquaque
2052 2471 2125 2524 di-

234 2534 394 2589 lutum
424 2538 576 2607 pisces
613 2556 788 2593 necare
829 2539 1000 2594 auc'lor
1034 2541 1102 2593 est
1130 2537 1466 2611 Dioscorides
1488 2545 1559 2592 III.
1590 2559 1692 2611 cap.
1716 2548 1774 2594 16
1786 2560 1828 2605 5.
1937 2548 2125 2599 Contra

233 2611 453 2680 pisces'fi
482 2627 740 2681 aegrotent
786 2617 838 2666 in
876 2615 1069 2683 piscinis
1103 2617 1215 2684 apio
1254 2614 1398 2666 viridi
1441 2620 1645 2668 recreari
1684 2621 1746 2669 ait
1779 2614 1987 2672 Pliwius
2013 2625 2123 2673 XX.

204 2684 358 2739 -sedh
380 2705 467 2752 44.
505 2687 640 2739 Idem
661 2691 741 2741 IX.
770 2687 892 2741 Seci.
914 2707 998 2752 73.
1085 2687 1326 2751 MorbOS,
1369 2692 1550 2759 inquit,
1599 2691 1815 2743 universa
1845 2710 2022 2759 genera
2050 2699 2127 2766 pi·

229 2759 387 2814 scium
424 2779 528 2814 non
557 2765 826 2832 accipimus
864 2763 1050 2816 sentire.
1159 2770 1349 2817 Verum
1382 2777 1635 2831 aegrotare
1672 2763 1885 2834 fingulos
1917 2767 2122 2822 manife-

231 2837 360 2888 stum
377 2832 489 2889 facit
517 2834 798 2908 aliquorum
819 2840 1029 2901 macies,
1070 2856 1189 2891 cum
1210 2842 1260 2891 in
1283 2838 1463 2892 eodem
1485 2855 1666 2906 genere
1693 2845 2018 2910 praepingues
2043 2843 2121 2896 alii

230 2912 497 2979 capiantur.
533 2914 612 2963 De
633 2909 818 2965 morbis
841 2913 1053 2983 piscium
1076 2912 1187 2965 vide
1210 2930 1335 2985 quae
1358 2916 1606 2973 annotavit
1626 2911 1698 2967 Cl.
1712 2910 1928 2985 Camper
1948 2921 2122 2970 Beant-

230 2998 457 3052 wortung
493 2988 625 3037 einer
655 2984 920 3055 Preisfrage
961 2993 1114 3050 1736.
1142 3004 1249 3056 pag.
1270 3004 1351 3051 24.
1443 2989 1697 3040 Postremo
1725 2989 1936 3058 piscandi
1962 2992 2122 3045 modo

116 3045 119 3047 ’
200 3097 203 3099 Α
231 3058 373 3129 plane
393 3056 556 3111 fimilis
582 3061 674 3122 est,
710 3079 859 3133 quem
881 3059 1382 3118 barbare'Ramatam
1413 3075 1460 3114 et
1484 3055 1730 3115 combros
1759 3062 2001 3119 dixerunt.
2045 3063 2121 3122 Cf.

232 3130 425 3204 Cawgii
454 3130 752 3189 Glossarium
776 3140 883 3190 Lat.
918 3134 1002 3190 sub
1020 3134 1068 3192 h.
1087 3157 1132 3190 v.
1240 3209 1325 3265 Dd
2048 3219 2094 3267 D

1239 3251 1242 3255 .
2097 3232 2126 3269 e
