2571 3775
434 333 503 389 78

432 467 602 507 contra
623 453 782 526 quiin
804 450 1008 506 turbidis
1029 448 1453 523 stagnantibusque
1473 449 1670 503 lacuum
1698 450 1833 522 aquis
1865 448 2122 508 stabulatus
2151 447 2314 519 fuerifi

433 529 640 581 virosam
667 531 972 599 inertemque
1003 524 1182 577 habere
1201 542 1416 577 carnem.
1486 525 1655 597 Atque
1684 528 1894 580 omnino
1925 546 2040 580 cum
2062 534 2308 596 magnitu-

433 601 549 655 dine
569 620 764 654 carnem
788 603 892 654 fieri
912 601 1189 659 duriorem3
1246 599 1458 670 den-ique
1483 617 1512 651 a
1534 598 1780 653 nonnullis
1806 604 1952 654 etiam
1982 601 2138 673 plora,
2174 601 2307 674 quali

435 690 709 737 natantem,
750 675 994 740 (πλοῦτοι)
1017 671 1251 742 appellari
1276 685 1506 735 annotat,
1538 691 1694 744 quam
1713 676 2012 743 postremam
2031 682 2307 730 annotatio-

433 769 553 802 nem
576 763 806 802 autorum
827 746 1064 816 exemplis
1087 747 1251 798 firmat
1269 743 1576 800 Athenaeus.
1644 749 1819 817 Capite
1836 753 1985 802 etiam
2005 769 2046 810 3·
2059 765 2307 806 autumno

433 826 646 877 cestreos
682 837 732 875 et
767 820 1008 882 'labrace8‚
1043 834 1238 875 uterum
1277 834 1501 886 gerentes
1545 834 1679 883 tum,
1730 825 1947 892 optimos
1979 824 2063 877 efu
2097 824 2192 878 effe
2226 830 2309 879 ait.

433 898 569 950 Idem
594 896 770 949 deinde
795 913 898 965 cap.
926 900 1006 958 36.
1024 897 1182 947 varios
1203 890 1528 946 saliendorum
1547 895 2042 970 condiendorumque
2061 898 2308 968 mugilum

431 970 616 1024 modos
657 977 710 1023 et'
746 969 1144 1024 salsamentorum
1184 970 1388 1021 nomina
1430 967 1612 1023 diversa
1661 974 1830 1041 ponit,
1893 991 2018 1049 quae
2060 971 2164 1026 huc
2202 993 2308 1028 non

430 1049 690 1116 pertinent.
875 1049 885 1052 ’

576 1159 651 1207 ‘Ex
677 1151 801 1207 libro
823 1148 1104 1222 Aristotelis
1123 1150 1315 1222 perdito
1338 1148 1484 1206 refert
1504 1148 1796 1208 Athenaeus
1814 1153 2046 1209 libroVII.
2068 1152 2308 1210 cestreum

430 1228 615 1282 {erratis
642 1225 866 1281 dentibus
890 1226 1008 1289 effe,
1042 1228 1182 1278 suum
1201 1240 1365 1278 tamen
1388 1230 1439 1279 in
1456 1244 1614 1295 genus
1635 1247 1737 1281 non
1755 1229 1933 1283 saevire
1949 1266 1963 1292 ,
1985 1248 2077 1283 nec
2097 1234 2309 1284 omnino

429 1321 576 1356 carne
597 1303 747 1366 vesci,
777 1319 930 1372 quem
952 1300 1119 1354 locum
1131 1304 1261 1353 varie
1281 1305 1586 1370 oppugnavit
1608 1298 1963 1367 RondeletiuS‚
1994 1312 2111 1357 cum
2131 1303 2308 1373 mugili

431 1379 519 1432 suo
548 1374 695 1431 Same
723 1374 855 1430 didio
877 1375 1046 1428 dentes
1068 1373 1212 1444 plane
1231 1374 1389 1427 deesse
1409 1389 1636 1443 negaret5
1673 1380 1728 1430 in
1757 1396 1860 1449 quo
1893 1391 2059 1431 tamen
2086 1396 2205 1432 eum
2232 1397 2309 1431 er·-

430 1455 556 1505 roris
578 1453 896 1504 convicerunt
914 1448 1274 1502 observationes
1294 1453 1643 1502 recentiorum.
1701 1455 1981 1505 Inimicitias
2003 1452 2104 1522 lupi
2127 1467 2176 1505 et
2195 1471 2307 1505 mu-

432 1525 541 1594 gilis
561 1543 623 1578 ex
644 1520 819 1578 Plinio
845 1526 1035 1592 repetiit
1056 1540 1222 1575 errore
1245 1523 1332 1576 suo
1357 1520 1557 1576 audium
1578 1521 1749 1578 locum
1775 1520 1996 1597 gJ'oratlz
2017 1526 2148 1596 apud
2173 1523 2316 1581 Vin.

426 1595 644 1654 centium
673 1601 815 1651 XVII.
843 1614 944 1667 cap.
974 1602 1061 1661 67.
1117 1595 1345 1664 Mugilis‚
1398 1600 1583 1669 inquit,
1635 1599 1705 1650 est
1731 1600 1872 1668 piscis
1900 1598 2228 1655 velociffimus
2259 1605 2311 1655 in

429 1677 573 1745 aquis
593 1670 865 1725 fluvialibus
880 1708 895 1733 ,
929 1671 1008 1724 sed
1033 1670 1309 1723 naturaliter
1326 1674 1567 1726 incautus.
1643 1675 1774 1724 Nam
1794 1674 2042 1727 deridetur
2059 1678 2166 1742 ejus
2194 1674 2313 1728 stul-

431 1751 535 1802 titia
557 1777 621 1787 —-
661 1745 740 1798 hic
764 1764 880 1798 cum
905 1743 1038 1798 lucio
1058 1748 1331 1798 inimicitias
1353 1743 1500 1797 habet
1519 1746 1684 1798 hieme
1709 1760 1923 1809 tantum,
1955 1762 2003 1800 et
2020 1748 2312 1815 hujusmodi

432 1822 573 1875 caula
595 1820 804 1873 creditur
824 1823 935 1891 quia
955 1833 1072 1871 tunc
1091 1819 1159 1870 est
1177 1836 1311 1871 rarus
1333 1816 1499 1880 cibus,
1535 1837 1630 1888 pro
1657 1837 1758 1891 quo
1780 1820 2026 1877 dimicant.
2109 1823 2310 1877 Aestate

433 1914 555 1949 vero
572 1894 852 1955 abundant,
889 1908 939 1945 et
958 1893 1073 1946 ideo
1097 1892 1295 1944 nuicad
1314 1892 1633 1947 concordiam
1656 1893 1952 1963 rediguntur.
2027 1899 2164 1949 Haec
2179 1896 2312 1950 fide-

433 1968 540 2022 liter
585 1965 891 2036 transscripsit
927 1960 1174 2019 Albertus
1208 1969 1380 2018 XXIV.
1422 1985 1469 2036 p.
1505 1984 1624 2027 243·
1673 1966 1760 2020 sub
1805 1973 2011 2023 nomine
2047 1967 2310 2042 Mugilus.

431 2043 569 2096 Idem
598 2056 764 2094 tamen
787 2041 1019 2109 deinceps
1048 2057 1098 2109 p.
1123 2057 1244 2104 244.
1293 2038 1422 2111 quali
1456 2040 1518 2094 de
1542 2039 1643 2094 alio
1676 2042 1836 2112 pisce,
1891 2043 2101 2107 mullus,
2135 2049 2313 2118 inquit,

427 2118 570 2188 piscis
583 2118 648 2169 est
695 2133 811 2167 uem
821 2112 1002 2167 Gallici
1012 2111 1304 2167 mullecium
1325 2110 1572 2180 (Mula),
1593 2120 1813 2183 germani
1824 2132 2005 2171 vocant
2016 2115 2310 2183 Harderem

433 2206 482 2244 et
510 2194 578 2244 est
603 2133 742 2260 pilleis
768 2187 853 2240 lati
886 2190 1053 2258 capitis
1085 2189 1134 2239 in
1158 2191 1325 2241 >cranio
1350 2201 1398 2240 et
1419 2187 1571 2257 palmi
1595 2203 1644 2241 et
1670 2189 1887 2252 dimidii,
1928 2206 2018 2247 etc.
2103 2197 2308 2249 Nomen

433 2265 680 2320 Gallicum
700 2261 964 2314 Mulletum
987 2260 1180 2312 aliunde
1202 2262 1340 2313 affert
1363 2258 1594 2333 Cmqgius
1615 2266 1664 2315 in
1678 2262 1955 2326 Glossario3
1997 2263 2169 2320 Mules
2188 2285 2311 2321 vero

429 2354 482 2393 et
519 2333 735 2408 Mujolz
774 2338 824 2387 in
877 2333 1229 2402 Supplemento
1276 2330 1629 2404 Charpencier.
1745 2339 2032 2409 Germanici
2079 2340 2310 2397 vocabuli

433 2409 648 2468 Harder
674 2407 982 2464 aucfioritates
1003 2405 1115 2459 alias
1140 2409 1278 2459 affert
1298 2403 1596 2479 Frffllzim,
1633 2409 1714 2462 sed
1740 2409 1910 2465 locum
1930 2410 2137 2468 Alberti
2164 2419 2309 2483 igno-

436 2490 568 2540 ravit.
600 2482 796 2538 'Scholia
809 2499 979 2550 graeca
992 2478 1228 2552 Oppiani
1238 2480 1299 2532 ad
1313 2485 1345 2532 Ι.
1367 2501 1383 2532 1
1407 2501 1421 2532 1
1440 2500 1458 2532 ι
1471 2522 1481 2532 .
1493 2485 1541 2534 in
1551 2483 1748 2537 Codice
1761 2484 2080 2555 Sylburgiano
2094 2491 2309 2544 cestreos

437 2565 808 2629 interpretantur
839 2549 1095 2634 920020250-112·
1172 2559 1232 2606 Et
1249 2551 1511 2634 Bellonius
1525 2560 1580 2609 in
1601 2556 1726 2612 libro
1757 2559 1819 2613 de
1846 2560 2057 2616 Piscibus
2084 2568 2309 2619 minutos

436 2633 644 2702 mugiles
676 2650 701 2684 a
724 2629 873 2697 vulgo
896 2632 1208 2681 Graecorum
1231 2625 1457 2682 szllczros
1483 2634 1726 2684 nomin-ari
1750 2636 1840 2695 ait3
1886 2635 2019 2688 idem
2050 2641 2099 2690 in
2123 2637 2312 2692 Obser-

435 2705 727 2763 vationib.1.
766 2723 847 2767 53.
886 2715 1058 2772 monet
1097 2704 1145 2752 in
1176 2701 1472 2755 Macedonia
1505 2704 1759 2774 pisciculos
1796 2709 2042 2780 quosdam
2078 2711 2312 2782 appellari

437 2780 750 2854 Gyllar0055
806 2776 901 2830 efl'e
937 2794 1056 2828 vero
1094 2774 1277 2846 mullos
1309 2792 1511 2845 parvo5,
1551 2779 1786 2842 eosdem,
1838 2801 1965 2853 quos
1997 2787 2309 2855 Propontidis

433 2854 656 2915 accolae,
696 2846 1061 2923 Ceplzalopolas
1092 2847 1341 2919 appellent.
1428 2851 1671 2920 Mugilem
1691 2854 1947 2924 cephalum
1976 2854 2189 2913 Limzaei
2213 2860 2310 2915 ho-

439 2931 616 3001 dieque
641 2946 666 2979 a
686 2920 889 2979 Graecis
916 2922 1201 2998 Κὲφαλον,
1246 2927 1494 2978 minorem
1524 2943 1642 2979 vero
1667 2928 2037 3002 Κεφαλοπέλο
2066 2937 2120 3000 (i.
2142 2951 2180 2987 e.
2199 2953 2311 3004 par-

440 3022 561 3056 vum
584 2998 870 3071 cep'halum)
901 2995 1154 3072 appellari,
1189 2999 1382 3062 testatur
1405 3003 1551 3053 etiam
1577 2996 1809 3074 Forsku'l
1830 2999 2154 3078 Description.
2183 3010 2311 3061 Ani-

439 3075 552 3130 mal.
583 3094 627 3146 p.
650 3078 773 3127 XIV.

2073 3191 2325 3246 Praeterea
