2571 3775
1063 332 1355 366 a
2049 336 2150 384 115

269 467 394 524 quae
420 453 472 504 in'
493 447 673 503 nullam
704 444 824 499 mihi
857 442 1062 516 quidem
1084 446 1333 511 cognitam
1356 443 1568 515 speciem
1589 452 1903 503 conveniunt.
1979 453 2151 519 Qiare

259 526 485 578 curiosos
518 522 724 576 lediores
762 520 930 571 locum
970 531 1234 588 utrumque
1274 517 1532 587 diligenter
1564 531 1907 590 comparatum
1937 530 2147 578 curatius

267 602 545 651 examinare
575 593 721 654 volo,
759 610 910 663 quem
943 609 1178 644 mancum
1212 593 1374 662 posuit
1406 591 1660 665 Gqswerus
1698 595 1915 666 Aquatil.
1945 616 1992 666 p.
2026 605 2147 663 946.

269 671 397 724 nulla
418 669 575 722 addita
604 669 1012 737 interpretatione.
1726 725 1728 728 ,
2031 688 2039 692 ·

412 737 648 808 Κόκκυέ,
684 740 904 795 Cuculus
926 739 1084 792 latine.
1135 735 1422 808 Aristoteles
1441 744 1503 793 H.
1526 741 1589 794 A.
1619 746 1694 795 IV.
1717 759 1882 811 cap.9.
1903 742 2147 801 ,cuculum

262 818 474 870 sonitum
497 820 610 869 voci
637 820 736 869 avis
762 813 924 867 cuculi
952 812 1159 874 fimilem
1187 813 1333 866 edere
1358 818 1448 876 ait,
1491 829 1636 886 atque
1658 816 1775 868 inde
1799 835 1985 869 nomen
2006 836 2147 872 acce-

260 890 393 961 pisse.
468 889 572 942 Ubi
597 886 795 943 Alberti
812 887 966 942 verfio
987 882 1114 959 koky
1133 886 1293 940 habet.
1373 892 1572 941 Locum
1602 887 1884 960 Aristotelis
1909 892 2148 947 transtulit

260 962 499 1017 Aelianus
522 968 582 1014 X.
617 982 717 1034 cap.
750 983 825 1015 11.
884 967 1004 1015 Vlfl.
1030 979 1132 1031 cap.
1166 980 1242 1021 ¹3·
1299 962 1535 1014 cuculum
1565 982 1682 1015 cum
1709 963 1811 1016 aliis
1842 978 1942 1016 tam
1967 970 2014 1017 in
2047 966 2149 1019 alto

261 1042 387 1091 mari
420 1042 725 1110 quamcirca
756 1036 914 1089 littora
947 1037 1126 1102 degere
1176 1035 1330 1087 tradit.
1448 1033 1742 1090 Numenius
1781 1052 1953 1106 poeta,
2016 1040 2149 1108 apud

262 1109 579 1165 Atlzewaeum
616 1117 712 1164 VII.
741 1130 785 1181 p.
812 1130 930 1176 309.
983 1108 1190 1161 rubrum
1224 1108 1486 1171 cuculum,
1538 1106 1816 1181 Oppianus
1837 1116 1870 1162 Ι.
1900 1130 1985 1176 97.
2022 1112 2148 1166 cele..

261 1204 368 1238 rem
400 1189 478 1254 (in
512 1185 732 1240 litoribus
764 1183 1034 1238 humilibus
1064 1182 1272 1236 arenosis
1292 1183 1614 1251 degentem),
1654 1182 1934 1238 Marcellus
1962 1186 2149 1241 Sidetes

260 1261 401 1313 versu
426 1277 508 1311 21.
547 1260 750 1315 cuculos
781 1254 1054 1332 ὀξυχόμρςς,
1094 1261 1122 1310 i.
1146 1275 1187 1309 e.
1228 1257 1441 1310 crinibus
1463 1262 1644 1320 acutis,
1679 1259 1761 1310 seu
1782 1263 1945 1328 potius
1965 1259 2148 1313 aculeis

261 1336 454 1404 asperos
489 1348 542 1387 ut
571 1336 859 1387 herinaceus
895 1338 1041 1385 etiam
1063 1326 1318 1404 ὀξύκομος
1346 1331 1548 1394 dicitur,
1588 1331 1809 1402 appellat.
1885 1333 2053 1395 Gloss‘a
2083 1334 2146 1387 ad

261 1406 561 1480 Oppianum
581 1408 841 1485 φιλομῆλι
872 1411 900 1459 i.
914 1425 954 1460 e.
976 1404 1297 1477 philomelam
1319 1409 1671 1476 interpretatur.
1748 1407 2000 1476 Exemplis
2020 1408 2148 1462 hanc

261 1487 634 1535 annotationem
665 1484 929 1536 confirmat
963 1477 1154 1550 Cawgii
1177 1479 1477 1532 Glossarium
1498 1497 1746 1547 graecum.
1819 1486 1872 1533 In
1894 1479 2146 1535 Simeonis

259 1552 408 1610 Setlzi
428 1557 489 1610 de
510 1556 777 1610 Alimentis
801 1555 925 1609 libro
945 1553 1071 1608 male
1093 1553 1192 1607 hoc
1213 1558 1457 1608 recentius
1479 1572 1669 1610 nomen
1700 1554 1762 1608 de
1782 1554 2027 1626 pelamide
2057 1575 2143 1609 ex-

259 1628 470 1702 plicabat
507 1629 700 1703 Gesner
728 1633 910 1703 Aquat.
944 1647 991 1699 p.
1025 1648 1044 1681 1
1065 1648 1080 1679 1
1099 1649 1119 1689 5
1136 1648 1179 1689 ς.

409 1701 740 1758 [Ξανηανιῖιις.
797 1698 1043 1758 Albertus
1074 1707 1202 1755 XIV.
1233 1719 1279 1770 p.
1308 1720 1327 1752 1
1345 1720 1424 1765 53.
1482 1716 1531 1756 et
1559 1700 1623 1755 fic
1649 1721 1736 1774 per
1767 1706 1936 1757 omnia
1959 1702 2142 1759 habent

244 1779 412 1849 pisces
435 1798 561 1851 quos
583 1798 677 1833 nos
699 1777 893 1848 lepores
916 1780 1149 1838 marinos,
1175 1774 1353 1828 Gallici
1374 1789 1540 1829 autem
1559 1781 1787 1844 Gornays
1809 1792 2001 1832 vocant.
2076 1783 2144 1835 Hi

260 1857 398 1906 enim
420 1854 536 1906 duas
567 1858 737 1924 pinnas
757 1852 938 1905 habent
958 1856 1005 1904 in
1026 1865 1196 1904 ventre
1218 1863 1266 1903 et
1288 1851 1408 1904 duas
1437 1850 1618 1904 diredle
1637 1852 1778 1921 super
1808 1870 1887 1906 eas
1919 1856 1971 1906 in
1994 1851 2144 1907 latere

259 1928 421 1980 versus
444 1927 656 1982 dorsum.
734 1927 870 1979 Idem
895 1931 1069 1978 XXIV.
1092 1943 1139 1994 p.
1172 1942 1292 1989 243.
1313 1923 1359 1976 b.
1435 1926 1514 1978 Est
1543 1940 1706 1978 autem
1740 1925 1859 1980 alius
1894 1926 2028 1996 lepus
2060 1930 2144 2000 qui

258 2005 417 2071 capite
441 2000 595 2071 lepori
618 2001 778 2057 fimilis
800 2003 867 2053 est
882 2038 896 2062 ‚
931 1999 1123 2071 reliquo
1144 2016 1356 2068 corpore
1377 2000 1543 2068 pisciS‚
1581 2013 1632 2052 et
1653 1999 1731 2052 ille
1749 1999 1912 2054 bonus
1932 2003 2025 2062 est,
2065 2021 2146 2055 ru-

256 2074 502 2128 bicundae
521 2074 660 2145 pellis
684 2090 731 2128 et
754 2076 903 2127 durae
925 2088 974 2126 et
993 2070 1325 2140 indigestibilis
1347 2076 1517 2135 carniS,
1539 2087 1587 2126 et
1610 2074 1785 2126 dicitur
1797 2074 1936 2144 quod
1956 2073 2143 2143 lepram

257 2164 482 2217 generat,
523 2164 569 2202 et
598 2149 732 2202 hunc
763 2146 1043 2217 gornellum
1074 2146 1417 2200 consuevimus
1447 2146 1713 2216 appellare3
1771 2161 1821 2200 et
1855 2147 2001 2200 habet
2031 2152 2141 2219 post

248 2237 402 2293 *caput
421 2243 456 2290 4
475 2228 673 2293 pinnas,
721 2224 841 2275 duas
877 2240 1086 2293 quarum
1109 2234 1276 2273 motus
1300 2222 1367 2272 est
1391 2221 1662 2273 secundum
1682 2219 2046 2289 longitudinem
2069 2227 2141 2294 pi-

255 2298 370 2359 sciS,
403 2311 452 2349 et
477 2296 585 2349 illae
606 2298 714 2351 sunt
732 2296 908 2364 longae
928 2295 1047 2349 ficut
1064 2312 1202 2347 aures
1225 2293 1428 2363 leporis:
1463 2307 1512 2346 et
1532 2295 1679 2357 duas,
1719 2314 1939 2367 ‘quarum
1970 2311 2138 2352 motus

256 2374 326 2425 est
356 2390 383 2424 a
414 2371 559 2425 dorso
589 2371 650 2424 ad
683 2385 905 2424 ventrem
934 2369 1207 2423 secundum
1238 2367 1623 2437 profunditatem
1661 2370 1826 2439 piscis,
1883 2368 2060 2442 quibus
2091 2372 2140 2425 se

256 2444 413 2499 elevat
435 2460 545 2498 ante
575 2459 774 2515 propter
797 2444 995 2514 pondus
1016 2444 1084 2495 sui
1111 2445 1276 2513 capitis
1296 2440 1514 2512 respersisti
1530 2441 1727 2497 alterius
1751 2447 1897 2514 partis
1917 2449 2140 2516 corporis

254 2521 340 2574 sui.
373 2517 449 2574 Cf.
472 2519 770 2572 Gloffarium
801 2515 992 2588 Cawgiz'
1011 2531 1059 2570 et
1079 2514 1418 2587 Char-pentier
1448 2515 1533 2569 sub
1561 2536 1687 2571 voce
1710 2515 1958 2572 Gomn'us.
2106 2569 2109 2570 γ

278 2609 280 2611 ’
406 2588 578 2670 Λύρα,
617 2598 755 2660 Lyra.
818 2588 1115 2661 Aristoteles
1138 2595 1215 2643 IV.
1240 2609 1282 2641 c,
1305 2609 1351 2655 9.
1405 2590 1557 2656 lyram
1587 2606 1635 2644 et
1665 2592 1894 2645 Chromin
1925 2594 2139 2647 sonitum

257 2668 507 2740 quendam
530 2667 661 2739 quafi
680 2671 969 2736 grunnitum
991 2668 1213 2718 emittere
1225 2662 1382 2717 refert.
1421 2663 1504 2716 ubi
1525 2664 1678 2719 verfio
1694 2661 1904 2720 Alberti
1921 2664 2074 2721 lauda
2090 2681 2140 2721 et

242 2742 460 2815 jaconus
479 2742 639 2795 habet.
713 2747 910 2796 Locum
930 2738 1204 2810 philosophi
1227 2737 1535 2806 transscripsit
1556 2737 1803 2794 Aelianus
1826 2745 1886 2792 X.
1910 2761 1950 2794 c.
1984 2764 1999 2793 1
2024 2762 2063 2793 r.

407 2818 643 2871 Cornuta.
699 2812 909 2871 Plinius
938 2819 1019 2867 IX.
1049 2832 1152 2884 cap.
1191 2831 1272 2873 27.
1326 2812 1524 2865 Attollit
1552 2831 1579 2865 e
1618 2819 1740 2867 mari
1767 2816 2138 2885 sesquipedanea

255 2886 360 2942 fere
380 2909 591 2953 cornua,
629 2908 755 2962 quae
785 2888 845 2942 ab
875 2888 948 2942 his
979 2884 1165 2942 nomen
1197 2889 1362 2946 traxit3
1422 2905 1573 2957 quem
1609 2887 1778 2941 locum
1805 2886 2140 2948 Rortdeletins

255 2963 317 3014 ad
344 2963 532 3031 trigiam
566 2967 781 3017 nostram
800 2966 1043 3038 pertraxit.
1130 2962 1269 3016 Idem
1297 2957 1507 3015 Plinius
1535 2966 1735 3016 XXXII.
1763 2983 1781 3015 1
1803 2982 1844 3014 1.
1884 2965 2009 3016 inter
2030 2977 2138 3017 cete

252 3052 514 3095 cornutam
535 3042 772 3094 nominat.

1239 3183 1276 3236 P
1319 3196 1350 3233 2
1973 3178 2142 3276 Σπόρ-

2197 747 2279 791 Νο.
2306 762 2347 806 ’ῖ

2195 1708 2274 1753 No.
2300 1717 2339 1765 8.

2195 2600 2275 2645 No.
2295 2617 2335 2659 9.

2189 2825 2270 2870 No.
2294 2841 2357 2874 ιο.
