2571 3775
1082 309 1373 336 ‘··········
2137 322 2166 368 ς

295 434 496 488 thorum
517 452 541 485 e
562 448 739 500 genere
769 428 821 481 fit
846 445 906 482 an
938 431 1103 498 potius
1130 430 1345 483 Esociim
1355 450 1370 491 3
1410 447 1586 484 verum
1623 434 1706 503 qui
1734 431 1842 485 loca
1867 449 1891 484 a
1914 448 1994 485 me
2017 428 2166 502 polita

297 524 441 580 atque
479 505 712 574 explicata
746 503 1002 570 diligenter
1042 507 1212 556 animo
1245 505 1584 574 perpenderit,
1631 509 1714 558 vix
1747 504 1916 559 locum
1955 505 2174 578 aliquem

300 582 587 635 dubitationi
611 575 836 630 relietum
867 577 961 629 effe
990 578 1210 648 reperiet.
1881 588 1885 592 ”

454 649 506 705 T
496 647 660 723 yphle.
722 654 903 703 Graeci
940 646 1186 726 Τύφλημ,
1233 654 1264 703 i.
1294 670 1335 704 e.
1375 651 1655 715 caeciliam,
1713 664 1796 704 aut
1823 651 2086 727 Τυφλῖνον
2118 665 2180 705 ut·

299 725 414 783 Nilo
461 729 715 796 proprium
769 725 950 795 piscem
991 723 1421 786 commemorant3
1480 722 1772 780 Athenaeus
1807 729 1904 778 VII.
1965 746 2009 796 p.
2055 743 2172 788 317.
2195 786 2199 791 ,

300 795 580 856 Marcellus
608 799 791 852 Sidetes
824 798 965 851 versu.
991 818 1075 862 25.
1111 795 1395 870 Hesychius
1411 799 1499 851 sub
1535 800 1627 853 hac
1658 818 1799 853 voce.
1884 804 1938 852 In
1970 798 2171 870 (360Ρο-

299 872 528 945 φείιῸνΨη
560 872 687 927 libro
715 878 823 925 XX.
854 891 955 943 cap.
989 892 1065 939 19.
1102 873 1359 947 τυφλῖγω)
1378 868 1638 947 ποτάμιον
1672 876 1754 927 seu
1783 872 2068 927 fluviatilem
2098 886 2174 940 ty-

299 948 526 1020 phlinum
545 946 821 1017 fimpliciter
840 946 1050 1015 legimus
1072 966 1133 1000 ex
1149 947 1497 1001 emendatione
1515 944 1580 1002 Ν
1583 944 1745 1014 iclaſsi.
1783 952 1836 1000 In
1854 945 2170 1002 Xenocratis

299 1022 576 1090 fragmento
604 1022 667 1074 de
687 1020 803 1074 cibo
832 1040 895 1074 ex
920 1020 1228 1094 Aquatilium
1266 1040 1311 1091 p.
1343 1038 1455 1084 ¹04·
1494 1021 1607 1073 edit.
1629 1017 1863 1074 Franzii
1891 1020 2167 1074 salsamenta

298 1097 412 1150 inde
458 1093 580 1148 faeta
624 1095 923 1167 appellantur
956 1093 1274 1170 τυφλινίδιοι.
1360 1099 1547 1147 Verum
1588 1093 1710 1148 mihi
1747 1094 1976 1148 nondum
2019 1093 2173 1166 liquet

299 1170 361 1222 ad
394 1169 685 1237 Syngna-thi,
735 1189 797 1222 an
821 1169 882 1222 ad
905 1173 1094 1238 Congri
1117 1172 1570 1236 Petromyzontisve
1587 1187 1747 1237 genus
1775 1166 2093 1222 referendum
2118 1166 2173 1223 fit

299 1262 489 1299 nomen
513 1262 539 1295 a
560 1241 775 1297 Belom'o
808 1257 995 1297 temere
1026 1244 1323 1313 usurpatum.

446 1315 700 1390 δ’]αοῑῑιὲῃίὶ
732 1337 922 1371 nomen
947 1337 1007 1371 ex
1032 1314 1210 1385 Plinio
1237 1316 1367 1372 libro
1393 1335 1473 1379 32.
1497 1333 1598 1388 cap.
1621 1336 1638 1368 ῐ
1658 1336 1696 1369 1.
1734 1315 1946 1388 positum
1969 1330 2175 1378 temere,

299 1392 379 1448 hic
400 1391 667 1445 delendum
689 1394 769 1445 est.
868 1396 1081 1445 Pertinet
1107 1395 1241 1445 enim
1268 1391 1385 1445 illud
1415 1392 1476 1444 ad
1496 1391 1739 1458 conchylii
1767 1410 1923 1460 genus
1958 1390 2179 1461 aliquod,

299 1466 437 1540 quod
466 1461 749 1544 τράχηλος
780 1471 808 1520 i.
833 1486 875 1522 e.
909 1465 1122 1528 collum,
1176 1484 1202 1518 a
1223 1480 1358 1536 parte
1380 1469 1575 1538 quaein
1598 1465 1766 1518 eibum
1787 1470 1954 1518 venire
1976 1464 2179 1527 solebat,

300 1540 375 1595 alii
411 1540 724 1611 appellarunt.
845 1546 958 1595 Vox
991 1558 1164 1609 graeca
1210 1535 1498 1609 σπόνδυλος
1539 1539 1816 1593 vertebram
1852 1539 2113 1608 fignificat,
2150 1556 2178 1590 a

299 1619 437 1684 cujus
466 1614 776 1670 similitudine
799 1614 981 1670 dietam
1003 1614 1255 1683 lyngnathi
1276 1616 1488 1684 speciem
1509 1614 1767 1684 suspicatus
1789 1610 2129 1686 erat„3«Artedi.

447 1688 638 1745 Cobitis
662 1708 898 1758 graecum
917 1694 1136 1758 κωβῖτις
1157 1690 1240 1751 est,
1279 1687 1514 1742 obscurae
1534 1692 1752 1742 notionis
1773 1688 1835 1741 de
1854 1687 1997 1759 pisce,
2028 1704 2179 1758 quem

295 1765 357 1818 ad
386 1781 621 1835 apuarum
651 1764 891 1841 (οἱφυῶμ)
939 1783 1095 1834 genus
1133 1761 1408 1818 referebant
1450 1766 1646 1817 Graeci.
1747 1767 1826 1819 De
1857 1780 1952 1837 qua
1977 1760 2098 1816 infra
2127 1764 2180 1818 in

296 1839 484 1893 Gobio.

446 1909 731 1967 Fundulus.
783 1908 1031 1967 Alhertus
1049 1915 1145 1969 VII.
1175 1932 1220 1985 p.
1249 1925 1330 1973 82.
1350 1912 1397 1966 b.
1466 1911 1683 1966 Pisciculi
1716 1915 1845 1983 parvi
1876 1928 2003 1985 quos
2033 1910 2176 1965 lostas

300 1986 377 2041 vel
396 1992 561 2041 Loxas
582 1986 675 2040 five
695 1985 921 2041 sundulas
940 2003 1132 2042 vocant.
1207 1994 1281 2041 Ex
1302 1987 1479 2057 gallico
1501 1984 1668 2041 Loche
1685 1987 1913 2039 dicuntur
1932 1986 2089 2040 loxae.

448 2061 715 2116 Cobitiden
742 2060 952 2114 foffilem
982 2082 1098 2115 cum
1128 2061 1229 2115 aliis
1261 2067 1407 2116 etiam
1436 2059 1683 2115 Blochins
1701 2065 1734 2113 Ι.
1771 2079 1816 2131 p.
1851 2079 1972 2113 220.
2021 2058 2176 2113 vefica

301 2153 439 2188 aerea
473 2153 638 2188 carere
686 2135 869 2196 asserit,
923 2151 1091 2189 contra
1130 2139 1170 2189 is
1210 2141 1260 2188 in
1291 2134 1497 2188 cerebro
1546 2153 1700 2205 prope
1738 2134 1953 2188 nucha-m
1998 2134 2177 2188 veficas

302 2209 421 2261 duas
446 2208 638 2281 liquore
665 2208 823 2262 lacteo
840 2208 1005 2279 plenas
1026 2210 1248 2281 reperiffe
1269 2211 1316 2262 se
1338 2213 1426 2271 ait,
1471 2227 1589 2281 quas
1620 2227 1716 2277 ego
1736 2214 1934 2279 repetita
1962 2208 2177 2279 plurium

301 2285 506 2354 piscium
531 2281 814 2337 diffecffione
845 2283 944 2336 vidi
967 2283 1062 2338 effe
1082 2284 1289 2337 veficam
1308 2287 1505 2336 unicam
1527 2283 1710 2337 offeam
1727 2287 1778 2336 in
1798 2284 1967 2337 medio
1988 2282 2180 2353 depres-

301 2359 429 2421 sam,
461 2372 516 2411 ut
538 2362 735 2426 gemina
761 2372 1035 2428 appareret,
1073 2377 1190 2411 cum
1216 2356 1438 2411 vertebra
1473 2361 1609 2410 tertia
1640 2371 1687 2410 et
1709 2371 1874 2428 quarta
1899 2372 2183 2419 connatam,

301 2435 441 2499 cujus
460 2431 760 2503 processibus
791 2431 1065 2485 lateralibus
1104 2432 1310 2486 musculi
1340 2435 1600 2504 pinnarum
1639 2431 1963 2502 pedloralium
2003 2431 2182 2484 adhae-

304 2521 436 2571 rent3
474 2511 603 2559 intus
622 2525 743 2560 vero
767 2505 945 2561 inclusa
961 2506 1074 2559 latet
1093 2506 1246 2560 vefiea
1266 2524 1402 2560 aerea
1427 2504 1690 2558 strut‘fturae
1709 2505 1946 2569 solennis,
1961 2505 2183 2576 simplex,

305 2599 431 2653 quae
456 2580 806 2635 breviffimoet
825 2585 963 2633 tenui
984 2580 1134 2633 duan
1156 2600 1273 2633 cum
1293 2580 1576 2650 oesophago
1589 2584 2002 2634 communionem
2021 2579 2183 2632 habet.

307 2657 586 2726 Saepiffime
632 2656 815 2726 piscem
853 2659 903 2708 in
948 2673 1069 2727 aqua
1104 2674 1308 2709 mecum
1348 2655 1603 2709 detentum
1644 2655 1836 2708 exserto
1872 2673 1960 2709 ore
2001 2653 2180 2708 veficas

304 2747 468 2783 aereas
506 2749 623 2783 cum
652 2731 811 2783 sonitu
848 2728 997 2782 veluti
1024 2734 1332 2797 gutturnium
1369 2731 1602 2800 exspuere
1625 2729 1724 2782 vidi
1751 2744 1799 2782 et
1826 2730 2018 2791 audivi,
2047 2748 2179 2782 nun-

305 2822 456 2875 quam
484 2822 547 2858 ex
573 2822 668 2858 ano
697 2822 890 2856 aeream
922 2802 1129 2857 veficam
1153 2804 1303 2857 ullam
1335 2804 1669 2871 egredientem
1698 2804 1825 2867 vidi,
1858 2804 1997 2875 quod
2025 2803 2182 2855 asserit

303 2881 618 2932 amiciffimus
640 2875 909 2939 Bloclzz’zzs,
958 2881 1160 2951 eiusque
1192 2883 1261 2932 rei
1291 2877 1480 2931 causam
1507 2895 1534 2929 a
1557 2875 1750 2930 defedtu
1779 2877 1960 2930 vesicae
1993 2880 2179 2946 repetit.

302 2957 357 3004 In
376 2953 598 3023 Ophidio
617 2951 819 3006 barbato
843 2950 1097 3006 vertebrae
1115 2957 1299 3023 primae
1329 2950 1540 3005 dorsales
1567 2950 1768 3022 paulum
1798 2951 1987 3005 diverso
2016 2950 2178 3005 modo

301 3045 418 3083 cum
445 3027 599 3086 vefiea
629 3045 770 3082 aerea
791 3026 1085 3092 cohaerent,
1124 3028 1338 3084 docente
1371 3029 1573 3095 egregio
1600 3022 1958 3098 Brouſjbnnet.

1291 3175 1345 3234 A
1383 3193 1406 3238 3
2007 3168 2178 3227 Stein-

2201 1766 2203 1769 ’
2232 1755 2313 1799 No.
2330 1767 2366 1797 ι,
