2571 3775
450 331 552 380 154
1238 324 1531 347 ······-···

446 447 498 498 in
530 454 675 513 capto
711 428 948 513 delphino
966 419 1203 494 faffilma
1225 439 1419 514 reliquo
1447 459 1603 511 grege
1639 424 1811 508 refert,
1860 413 2208 497 idad-mores
2241 433 2344 498 ciel-

378 523 381 526 '
444 518 586 590 phini
611 531 844 588 tanquam
861 530 1159 587 perpetuum
1182 514 1348 568 retulit
1369 513 1609 570 Aelzaams
1633 521 1713 571 XI.
1737 540 1757 570 1
1773 539 1816 572 2.
1851 518 2006 573 altero
2023 538 2127 573 non
2149 523 2349 572 minore

250 1636 293 1677 P.
321 1632 412 1678 106.

250 1692 334 1734 No.
364 1703 404 1746 3.

447 611 614 648 errore
637 591 826 645 ibidem
849 592 1033 662 spinam
1053 589 1270 661 aliquam
1295 607 1387 659 per
1411 609 1550 645 nares
1575 607 1836 663 captorum
1858 593 2048 663 tranfigi
2084 597 2195 656 ait,
2228 611 2347 646 cum

449 668 764 720 dimittuntur
787 684 812 718 a
835 663 1182 737 piscatoribus,
1217 683 1335 716 cum
1356 660 1710 730 Plutarchus,
1746 686 1808 721 ex
1833 687 1935 740 quo
1969 666 2215 722 transtulit
2246 668 2346 730 sua,

452 742 515 795 de
545 740 745 795 Solertia
780 759 825 810 p.
859 758 923 803 97
939 752 980 797 8.
1040 739 1228 808 spinam
1266 737 1717 807 (holoschoenum)
1749 762 1836 812 per
1868 747 2068 814 pinnam
2103 740 2349 797 dorsalem

453 829 535 871 aut
559 819 802 868 cervicem
831 808 1056 888 (λόφον)
1086 811 1278 879 tranfigi
1303 826 1478 866 narret.
1556 815 1790 869 Similiter
1811 820 1972 880 auxit,
2011 836 2136 890 quae
2157 817 2218 869 de
2241 814 2348 881 del-

453 891 609 962 phino
643 889 770 942 elato
804 906 831 940 a
862 888 1062 958 reliquis
1096 900 1256 938 narrat
1287 885 1611 959 philosophus
1633 896 1732 942 XII.
1756 897 1803 943 6.
1882 896 2082 961 Spinam
2113 896 2164 943 in
2198 891 2346 944 dorso

456 963 676 1034 delphini
705 961 919 1016 eref'tam
949 974 1197 1032 memorat
1216 964 1345 1014 XW.
1369 978 1450 1024 23.
1535 963 1816 1033 Delphinos
1849 965 2086 1019 devorato
2119 964 2347 1035 pompilo

455 1040 584 1111 pisce
604 1036 771 1092 furore
797 1040 1005 1104 agita-tos
1028 1039 1080 1087 in
1105 1034 1216 1088 litus
1236 1053 1493 1105 erumpere
1515 1036 1688 1110 ibique
1709 1044 1866 1109 perire
1887 1040 2017 1110 apud
2032 1036 2350 1092 Atlzewaemn

456 1119 712 1169 Pancrates
734 1116 831 1166 VII.
851 1130 898 1181 p.
924 1123 1044 1172 283·
1081 1123 1212 1164 etex
1243 1127 1306 1163 eo
1338 1107 1589 1166 Aelianus
1616 1114 1758 1168 tradit
1779 1119 1881 1166 XV.
1905 1133 2009 1184 cap.
2035 1132 2118 1180 23.
2193 1115 2349 1166 Deni-

461 1206 559 1261 que
591 1204 769 1256 genera
801 1186 902 1239 duo
927 1183 1306 1255 delphinorum,
1340 1203 1497 1238 unum
1521 1189 1859 1250 mansuetum,
1903 1188 2111 1241 alterum
2147 1188 2352 1255 agreste,

462 1282 526 1316 ex
548 1266 669 1315 mari
691 1261 860 1314 Indico
885 1273 1250 1313 commemorat
1279 1263 1407 1312 XVI.
1440 1280 1455 1311 1
1473 1272 1517 1320 8.
1627 1257 1866 1315 Albertzts
1886 1268 2059 1315 XXIV.
2093 1282 2138 1333 p.
2163 1259 2353 1329 24¹2-b·

461 1335 632 1393 Plinii
662 1336 769 1390 loca
804 1349 1032 1404 excerpta
1065 1331 1239 1386 fabulis
1279 1332 1630 1406 erroribusque
1659 1351 1883 1389 veterum
1923 1337 2202 1390 versionum
2245 1354 2355 1405 per-

464 1417 618 1465 mixta
652 1416 700 1464 in
731 1429 888 1463 unum
920 1427 1100 1481 corpus
1121 1411 1362 1478 compigit
1386 1406 1616 1463 informe.
1692 1410 1778 1464 Ab
1799 1410 1974 1466 Italicis
1998 1416 2066 1465 ait
2087 1410 2352 1482 delphinos

466 1481 782 1541 tmnberellos
816 1482 1060 1555 appellari.

617 1630 774 1688 Orca.
825 1629 1034 1687 Plinius
1061 1636 1144 1685 IX.
1168 1650 1268 1703 cap.
1291 1637 1333 1686 1.·
1364 1629 1586 1686 infestam
1607 1630 1821 1688 balaenis
1846 1631 2060 1688 belluam
2083 1636 2176 1695 ait,
2215 1634 2355 1699 cujus

469 1707 638 1777 imago
673 1707 802 1761 nulla
833 1709 1273 1778 repraesentatione
1303 1711 1516 1777 exprimi
1548 1710 1695 1777 poffit
1719 1708 1836 1770 alia,
1887 1727 2037 1781 quam
2071 1711 2229 1761 carnis
2263 1711 2357 1758 im-

471 1784 666 1839 mensae
691 1781 918 1836 dentibus
948 1782 1279 1840 truculentaee·
1327 1780 1578 1834 -Balaenas
1602 1787 1652 1834 in
1673 1784 1923 1836 Gaditano
1956 1801 2151 1836 oceano
2183 1780 2359 1834 bruma

473 1859 718 1929 conspici,
762 1873 810 1911 et
831 1857 980 1911 condi
1002 1859 1185 1910 aestatis
1210 1855 1518 1926 temporibus
1540 1860 1588 1909 in
1612 1856 1832 1928 quodam
1858 1856 1961 1909 finu
1982 1856 2184 1927 placido
2204 1870 2251 1908 et
2279 1873 2360 1907 ca·-

472 1937 612 2004 paci,
649 1938 774 1986 mire
803 1931 1071 2000 gaudentes
1091 1929 1156 1984 ibi
1183 1949 1366 2001 parere.
1453 1935 1567 1984 Hoc
1587 1931 1708 1984 scire
1728 1949 1896 1994 orcas,
1934 1935 2209 2000 irrumpere
2235 1947 2361 1997 ergo

475 2012 526 2061 in
549 2008 728 2061 secreta
758 2025 815 2059 ac
848 2005 1026 2060 vitulos
1048 2024 1218 2059 earum
1249 2018 1331 2057 aut
1363 2002 1520 2058 foetas
1554 2005 1630 2058 vel
1656 2010 1928 2058 etiamnum
1957 2005 2181 2074 gravidas
2211 2003 2360 2057 lanci-

474 2101 589 2136 nare
621 2081 787 2135 morfia
816 2081 1107 2151 incursuque
1141 2098 1233 2133 ceu
1255 2078 1605 2132 liburnicarum
1636 2082 1801 2134 rostris
1839 2079 2023 2134 fodere.
2100 2081 2361 2133 Postremis

475 2156 638 2216 ⁴verbis
660 2155 1027 2209 fimilitudinem
1056 2156 1196 2207 rostri
1218 2153 1407 2207 belluae
1441 2173 1557 2206 cum
1588 2157 1749 2207 rostris
1778 2153 2128 2207 liburnicarum
2162 2157 2362 2206 navium

478 2231 725 2300 fignificat.
834 2233 1190 2292 Grammatici,
1224 2243 1276 2280 ut
1296 2225 1504 2296 FestziS,
1535 2226 1932 2284 aliamreferunt
1971 2228 2360 2281 similitudinem:

482 2308 614 2360 Orca
641 2307 824 2376 inquit,
863 2322 1018 2371 genus
1044 2307 1260 2355 marinae
1277 2301 1467 2354 belluae
1486 2305 1792 2365 maximum,
1849 2303 1909 2354 ad
1930 2306 2068 2369 cujus
2090 2300 2362 2355 similitudi-

486 2399 602 2434 nem
624 2381 728 2432 vasa
748 2381 926 2431 vinaria
947 2395 1092 2431 orcae
1117 2377 1364 2429 dicuntur.
1410 2379 1530 2427 Sunt
1550 2379 1686 2428 enim
1708 2390 1883 2430 teretes
1909 2391 2055 2448 atque
2080 2378 2236 2447 specie
2252 2379 2363 2428 uni-

488 2450 970 2512 formiautinformi3
1012 2449 1095 2503 ubi
1107 2447 1574 2520 Scaligerannotat,
1596 2469 1735 2503 orcas
1748 2450 1841 2504 effe
1854 2452 1958 2509 vasa
1971 2454 2158 2513 teretia,
2182 2454 2363 2504 ventri-

488 2528 614 2590 cosa,
636 2528 840 2596 angusto
857 2544 959 2579 ore.
999 2530 1154 2579 Porro
1172 2521 1407 2578 leius:
1446 2527 1595 2586 Orca,
1633 2529 1818 2597 inquit,
1857 2540 1904 2578 et
1925 2529 1976 2578 in
1988 2523 2360 2596 portuOstienfi

485 2604 581 2656 vila
612 2605 707 2664 est,
744 2615 1025 2671 oppugnata
1047 2619 1072 2652 a
1103 2598 1315 2653 Claudio
1342 2601 1560 2668 principe
1585 2628 1651 2637 —-
1691 2599 1885 2653 alveum
1905 2603 1954 2652 in
1989 2601 2117 2653 vado
2147 2600 2361 2652 sulcave-

487 2692 558 2730 rat
580 2674 883 2730 accumulata
903 2672 1132 2727 flustibus
1152 2678 1202 2726 in
1225 2687 1414 2725 tantum
1446 2688 1497 2724 ut
1518 2677 1788 2742 circumagi
1818 2673 1954 2727 nullo
1988 2674 2147 2727 modo
2177 2673 2359 2744 poffet:

487 2766 537 2805 et
569 2751 691 2803 dum
718 2751 930 2818 laginam
965 2750 1292 2821 persequitur,
1337 2749 1387 2798 in
1419 2745 1530 2800 litus
1560 2747 1790 2801 fludlibus
1822 2747 2074 2819 propulsa,
2122 2751 2365 2801 emine-ret

488 2826 636 2879 dorso
680 2823 892 2876 multum
928 2824 1065 2894 supra
1104 2841 1255 2895 aquas
1307 2824 1497 2873 carinae
1534 2825 1644 2874 vice
1690 2824 1916 2875 inversae.
1945 2851 2012 2863 -—-
2128 2827 2365 2891 Qiorum

487 2899 755 2967 (militum)
804 2918 961 2951 unum
1002 2902 1161 2966 mergi
1194 2896 1411 2949 vidimus
1456 2899 1625 2948 reflatu
1672 2895 1862 2948 belluae
1905 2895 2163 2967 oppletum
2214 2897 2358 2957 unda.

485 2977 703 3045 Apparet
741 2972 940 3041 intelligi
973 2991 1128 3040 genus
1168 2969 1366 3044 aliquod
1413 2987 1650 3037 magnum
1700 2969 1919 3040 delphini
1959 2986 2042 3024 aut
2082 2970 2360 3042 physeteriS,

484 3048 711 3101 dentibus
732 3047 1091 3108 truculentum,
1152 3047 1231 3100 sed
1262 3048 1576 3098 temerarium
1608 3044 1721 3097 effet
1743 3046 1954 3114 speciem
1978 3050 2029 3098 in
2064 3045 2156 3098 hac
2183 3043 2360 3097 verbo-

486 3140 598 3176 rum
623 3121 843 3192 proluvie
870 3126 1003 3176 inani
1032 3136 1081 3176 et
1108 3119 1385 3194 prodigiosa
1420 3118 1713 3189 distinguere
1751 3119 1899 3174 velie!
1976 3117 2200 3175 Orclmm
2230 3118 2360 3171 dixit

2144 3196 2355 3265 repetito
