2571 3775
1023 353 1314 377 ·“““““·““
1338 375 1349 380 -ῆ
2006 352 2111 415 267

213 471 428 538 vid-erat,
466 484 612 542 caput
639 486 848 542 enorme
878 465 1014 522 fuiffe
1041 472 1138 534 nait,
1183 468 1655 534 indecentissimum,
1693 469 1796 528 fere
1832 478 2116 540 vaccinum,

216 547 413 600 auribus
437 547 601 599 urfinis
622 544 849 598 brevibus
874 562 931 595 ac
952 541 1263 596 subrotundis
1277 580 1292 605 ,
1326 549 1426 597 oris
1446 543 1570 597 ridlu
1591 547 1723 600 vasto
1740 549 1866 602 adeo
1882 587 1896 611 ,
1935 566 1988 603 ut
2010 551 2113 606 leo-

218 625 397 674 ninum
413 622 661 690 superare,
701 632 831 671 certe
853 617 1128 673 humanum
1148 632 1294 687 caput
1310 636 1519 691 aequare
1539 619 1710 688 posset.⁴
1761 623 1948 676 Patulas
1964 624 2113 678 habe-

216 693 298 748 bat
322 712 484 756 nares,
526 691 654 745 labra
676 692 887 763 repanda
913 707 1060 763 atque
1080 690 1276 753 resima,
1317 692 1491 750 dentes
1514 694 1708 763 prorsus
1737 698 1948 766 equinos
1964 734 1978 758 ,
2020 698 2112 751 ob-

216 771 348 823 tusos
368 783 553 829 tamen,
585 766 761 820 ocu-los
783 785 839 819 ac
863 765 1080 834 linguam
1103 767 1454 836 praegrandes3
1490 766 1678 820 collum
1702 769 1978 823 admodum
1999 770 2111 825 bre-

215 862 306 904 ve,
344 842 550 895 caudam
570 846 709 912 porci
732 855 815 893 aut
836 840 1115 902 testudinis,
1152 841 1442 903 rotundam,
1500 840 1748 914 reliquum
1781 862 1958 914 corpus
1989 845 2111 899 obe-

213 916 375 971 siffimi
396 919 537 985 porci
558 915 815 968 videbatur
845 915 963 976 effe3
1002 914 1151 984 pedes
1181 919 1242 966 ita
1265 914 1437 968 breves
1460 931 1621 977 erant,
1662 930 1714 969 ut
1735 933 1985 989 quatuora
2012 935 2108 974 ter-

215 1009 266 1044 ra
286 991 466 1059 digitos
486 994 566 1043 vix
588 989 915 1050 attolleretur3
957 989 1169 1058 ungulae
1190 992 1331 1059 porci
1352 1008 1495 1042 more
1519 989 1743 1052 diffiffae,
1779 993 1910 1049 unde
1929 994 2106 1049 melius

213 1065 275 1118 in
291 1084 529 1136 aquarum
549 1063 703 1118 fundo
723 1062 976 1117 ambulare
997 1081 1145 1134 quam
1169 1073 1330 1116 natare
1351 1061 1564 1116 belluam
1585 1063 2104 1132 arguebatBellouius,

209 1139 350 1192 Idem
375 1138 553 1192 deinde
577 1143 628 1192 in
656 1137 780 1191 libro
804 1137 1002 1190 Gallico
1031 1137 1093 1190 de
1116 1134 1326 1189 Piscibus
1354 1155 1402 1207 p.
1428 1156 1505 1200 17,
1520 1137 1648 1210 seqq.
1679 1139 1895 1192 eundem
1927 1140 2105 1211 hippo-

209 1227 381 1284 potam
404 1211 539 1266 fuiss‘e
562 1214 705 1266 tradit
724 1230 936 1282 corpore
962 1210 1111 1264 veluti
1133 1215 1276 1280 porci
1295 1215 1485 1282 optime
1507 1211 1731 1280 saginati,
1776 1213 2106 1289 undequaque

209 1286 340 1358 pleni
367 1302 415 1340 et
434 1289 595 1350 craffi,
623 1302 671 1340 et
690 1288 794 1340 satis
817 1289 1036 1356 proceri3
1078 1284 1212 1355 pellis
1235 1289 1381 1338 etiam
1404 1300 1511 1338 tum
1531 1285 1703 1341 colore
1724 1302 1830 1341 tum
1850 1287 1963 1343 alias
1985 1309 2104 1344 cum

208 1360 338 1432 pelle
359 1365 501 1430 porci
521 1362 781 1416 domestici
802 1379 901 1414 non
926 1362 1053 1427 nigri
1075 1359 1416 1413 conveniebat.
1479 1364 1654 1415 Hiatus
1679 1366 1778 1415 oris
1805 1377 1964 1418 tantus
1985 1378 2102 1427 erat,

211 1450 265 1488 ut
284 1432 426 1489 facile
443 1435 602 1491 moles
621 1449 703 1489 aut
727 1433 820 1505 pila
850 1433 1006 1505 aliqua
1028 1433 1251 1487 humano
1274 1438 1420 1487 etiam
1450 1439 1606 1504 capite
1635 1439 1793 1502 major
1812 1441 2103 1493 immittere-

209 1517 301 1564 tur.
390 1514 544 1564 Frons
572 1525 675 1563 erat
707 1508 923 1580 depressa
955 1506 1087 1561 velut
1117 1513 1167 1561 in
1195 1527 1328 1561 orca.
1420 1513 1609 1563 Dentes
1638 1510 1846 1570 habebat
1874 1518 2102 1584 equinos,

209 1584 385 1638 eadem
414 1583 598 1648 forma,
633 1583 850 1646 validOS,
879 1581 1154 1651 oblong08‚
1183 1602 1213 1636 e
1232 1581 1441 1636 maxillis
1463 1588 1829 1653 prominenteS,
1864 1606 1964 1639 non
1987 1607 2103 1640 acu-

207 1671 286 1712 tos
304 1695 317 1720 ‚
357 1672 410 1710 ut
434 1663 483 1712 in
509 1658 795 1712 animalibus
825 1661 1115 1718 carnivoris3
1156 1657 1332 1710 oculos
1365 1676 1574 1725 magnos
1606 1673 1653 1712 et
1683 1659 1837 1713 veluti
1866 1659 2101 1726 bubulos,

207 1732 426 1801 linguam
446 1738 656 1786 omnino
679 1732 911 1794 solutam,
936 1732 1143 1784 caudam
1164 1731 1386 1792 brevem,
1407 1733 1674 1785 rotundam
1695 1734 1970 1797 etcrass‘am,
1995 1751 2100 1790 tan-

205 1826 357 1881 quam
380 1811 520 1879 porci
544 1821 627 1860 aut
657 1806 905 1859 testudinis
928 1809 1106 1875 potius.
1184 1810 1244 1858 Et
1273 1805 1306 1857 fi
1334 1804 1460 1858 bene
1484 1811 1726 1870 memini,
1775 1809 1908 1862 addit
1928 1807 2098 1864 Bello-

203 1880 348 1946 ηἰῖω,
383 1882 535 1952 pedes
558 1901 761 1954 quoque
784 1883 1000 1951 porcinis
1023 1878 1197 1932 fimiles
1219 1878 1455 1943 habebat,
1483 1900 1584 1934 non
1609 1881 1884 1935 admodum
1905 1884 2096 1940 divisos.

205 1961 381 2025 Nuper
402 1970 566 2009 tamen
582 1955 779 2027 quidam
794 1954 1221 2022 Constantinopoli
1240 1955 1458 2008 reversus
1471 1953 1644 2021 (credo
1658 1951 1877 2010 lacobus
1890 1956 2095 2031 Gaſj'ot)

206 2031 357 2101 pedes
380 2031 677 2084 testudinum
698 2028 903 2099 pedibus
926 2026 1100 2081 similes
1133 2031 1179 2079 in
1207 2027 1308 2080 hoc
1341 2027 1540 2081 animali
1571 2030 1617 2082 se
1649 2028 1918 2084 observaffe
1948 2032 2092 2088 nobis

205 2104 382 2158 retulit.
462 2109 514 2158 ln
538 2105 611 2157 his
632 2100 854 2157 Bellonii
885 2101 1042 2156 verbis
1063 2102 1222 2158 insunt
1243 2102 1502 2173 quaedam,
1539 2122 1663 2175 quae
1683 2109 1868 2174 primos
1890 2111 2092 2162 notitiae

204 2179 267 2233 de
294 2180 636 2249 hippopotami
671 2176 828 2230 forma
859 2176 1110 2238 aucfforeS,
1158 2190 1211 2229 ut
1243 2173 1589 2239 Herodotmn,
1637 2180 1864 2233 excusare
1893 2184 2091 2250 poffint,

205 2253 240 2307 fi
258 2254 309 2306 id
335 2272 533 2322 agerem
574 2272 706 2305 nunc
737 2266 790 2304 ut
817 2250 1133 2321 scriptoribus
1163 2252 1359 2304 vetustis
1391 2251 1598 2305 studiose
1618 2255 1984 2308 excusationem
2004 2255 2090 2310 ali-

204 2346 357 2400 quam
381 2346 605 2382 errorum
634 2326 900 2394 speciosam
933 2330 1294 2396 conquirerem.
1409 2330 1573 2379 Potuit
1607 2331 1744 2380 enim
1777 2325 2090 2394 Herodotus,

203 2407 364 2473 potuit
391 2406 538 2455 etiam
567 2400 738 2454 aufior
762 2404 963 2454 notitiae
987 2418 1012 2452 a
1031 2397 1301 2464 Diodoro,
1342 2398 1536 2463 Siculo,
1586 2401 1792 2471 politae,
1843 2423 1959 2457 cum
1988 2410 2089 2475 >pri-

204 2496 347 2530 mum
369 2476 582 2529 belluam
603 2476 884 2545 inspiceret,
919 2492 1010 2526 nec
1027 2474 1212 2544 pedum
1245 2471 1458 2526 formam
1491 2492 1716 2530 accurate
1753 2479 2088 2547 investigasset,

204 2570 268 2605 ex
291 2554 601 2608 nonrecenti
622 2553 687 2602 rei
715 2547 836 2601 olim
855 2549 982 2600 visae
1002 2551 1244 2600 memoria
1268 2547 1447 2617 pedem
1471 2548 1683 2603 bifidum
1714 2556 1758 2604 ei
1780 2554 2013 2622 affignare
2034 2570 2087 2609 ut

206 2622 497 2687 Bellowius,
547 2643 649 2677 non
684 2621 981 2693 spernendus
1020 2620 1133 2674 alias
1165 2621 1390 2676 historiae
1418 2624 1642 2678 naturalis
1671 2625 1856 2680 audior.
1930 2633 2084 2683 Frons

206 2699 447 2771 depreffa,
485 2698 617 2751 velut
636 2702 687 2750 in
711 2716 826 2751 orca
847 2716 908 2749 ex
928 2695 1219 2766 delphinum
1242 2715 1440 2764 genere,
1472 2700 1735 2752 confirmat
1760 2716 1930 2754 notam
1950 2721 1975 2756 a
1998 2722 2083 2757 ve-

205 2774 389 2828 teribus
436 2771 750 2842 scriptoribus
782 2770 1014 2842 pofitam,
1077 2774 1161 2842 qui
1192 2768 1367 2823 faciem
1401 2772 1764 2844 hippopotamo
1800 2775 1968 2829 finiam
1996 2779 2081 2832 seu

204 2850 484 2918 resupinam
505 2850 764 2916 affignant,
803 2848 943 2912 cujus
975 2844 1260 2916 exemplum
1294 2845 1609 2900 clariffimum
1641 2867 1702 2901 ex
1728 2849 1962 2919 delphine
1995 2872 2081 2922 pe-

205 2936 307 2976 tere
344 2922 481 2983 licet,
507 2941 659 2993 quem
689 2921 749 2975 ab
775 2938 830 2973 ea
869 2918 1008 2972 faciei
1040 2917 1200 2973 forma
1241 2934 1432 2974 veteres
1477 2920 1718 2975 simonem
1762 2923 2078 2994 appellarunt.

204 2999 373 3069 Atque
408 2996 530 3049 haec
557 2993 716 3049 forma
747 2993 919 3049 frontis
954 2993 1112 3048 subito
1143 2992 1340 3047 declivis
1370 3009 1419 3048 et
1447 2994 1692 3064 deprcffae
1716 3013 1913 3066 apparet
1932 3005 2077 3054 etiam

201 3075 253 3124 in
272 3073 428 3141 figura
448 3073 588 3127 numi
607 3070 900 3133 Hadrianei,
951 3082 1001 3123 et
1037 3073 1087 3130 in
1114 3068 1192 3124 illa
1229 3087 1378 3141 quam
1405 3088 1466 3124 ex
1497 3069 1591 3126 bafi
1619 3071 1717 3125 Nili
1742 3076 1970 3128 Vaticana
2005 3095 2084 3134 re«

746 3146 749 3147 ’
1228 3141 1296 3197 Ll
1335 3160 1365 3195 2
1879 3153 2080 3221 petitam
