2571 3775
2075 332 2141 382 25

351 466 358 470 ·
428 442 631 504 Trutta.
686 441 888 496 Nomen
926 451 1203 507 ex'graeco'
1234 431 1483 516 Τρώκτης·
1510 453 1706 505 ortum,
1762 446 1897 515 quod
1928 445 1991 500 de
2019 448 2146 500 amia
2203 447 2334 505 No.3.

268 523 416 580 habet
435 519 669 574 Aelianus
690 522 722 569 I.
758 536 801 579 ς.
843 513 926 567 ubi
947 513 1059 566 vide
1081 527 1266 566 notam.
1341 513 1541 569 Gloffae
1572 530 1761 570 veteres
1783 516 2028 594 Τρώκτης
2059 540 2146 589 pet

270 604 439 653 tratta
458 598 846 661 interpretantur.
898 589 1075 642 Nescio
1097 605 1202 660 quo
1221 584 1424 641 auetore
1449 607 1637 643 nomen
1660 589 1817 645 subito
1836 593 1897 644 ad
1921 593 2147 649 {almonis

266 664 424 740 genus
442 666 696 718 dentatum
714 662 803 716 fuit
823 661 1120 715 translatum.
1215 658 1383 715 Traia
1413 663 1630 716 scribitur
1651 663 1713 716 ab
1735 664 1959 719 Auctore
1981 667 2042 719 de
2064 686 2149 720 na-

269 759 373 797 tura
391 759 556 793 rerum
577 738 710 809 apud
735 735 795 793 V
793 733 1061 791 iacentium
1081 739 1225 788 XVII.
1253 753 1358 805 cap.
1387 755 1470 801 97.
1523 756 1676 812 quem
1706 739 1878 793 locum
1907 746 2149 798 contraxit

267 813 516 870 Albertas
545 832 590 883 p.
607 831 728 878 245.
774 809 860 864 sub
889 813 1093 865 nomine
1124 806 1332 865 Tratlze.

411 885 570 942 Salar
602 889 860 956 purpureis
891 884 1100 939 stellatus
1133 897 1327 952 tergora
1349 887 1498 952 guttis
1515 882 1737 956 Ausonio
1758 887 1892 940 audit
1909 888 2048 941 versu
2068 900 2149 949 88.

262 963 400 1016 Idem
420 962 482 1014 de
504 959 733 1015 Farione
744 961 883 1013 versu
906 971 1017 1017 128.
1051 972 1199 1029 teque
1218 963 1343 1011 inter
1361 960 1546 1026 species
1565 964 1784 1026 geminas
1797 975 2150 1035 neutrumque,

259 1052 314 1089 et
335 1051 628 1109 utrumque,
663 1039 749 1106 qui
771 1034 987 1087 necdum
1008 1031 1200 1094 Salmo,
1231 1050 1324 1085 nec
1345 1035 1444 1098 jam
1465 1030 1620 1095 Salar,
1660 1033 2022 1108 ambiguusque
2044 1055 2149 1092 am-

256 1110 445 1165 borum
467 1111 632 1166 medio
657 1112 794 1162 Fario
816 1111 1082 1175 intercepte
1101 1104 1186 1159 sub
1205 1124 1343 1160 aevo.

417 1181 619 1240 Varios
658 1181 885 1253 isidoras
916 1179 1176 1251 appellavit
1207 1195 1261 1234 ut
1289 1175 1527 1234 Aelianus
1562 1183 1667 1233 XV.
1694 1199 1736 1233 1.
1790 1182 1982 1237 Astraei
2013 1186 2150 1240 fluvii

258 1259 314 1309 in
333 1259 629 1313 Macedonia
649 1259 800 1328 pisces
822 1276 884 1310 ex
906 1255 1006 1310 hoc
1036 1273 1216 1323 genere
1248 1250 1345 1329 τὴν
1374 1248 1551 1332 χρόαν
1590 1261 1959 1326 καταστίκτες
1987 1273 2149 1322 vocat,

262 1335 294 1384 i.
317 1350 357 1385 e.
381 1352 591 1404 corpore
624 1338 876 1399 variegato
900 1328 1119 1400 punc‘iiS,
1155 1343 1509 1400 capturamque
1532 1347 1710 1383 eorum
1730 1335 1927 1400 egregie
1948 1333 2110 1386 docet.

404 1403 596 1474 leeab,
633 1411 796 1479 quiex
818 1401 1001 1476 Figuli
1032 1403 1253 1471 (Caroli)
1285 1407 1335 1455 in
1353 1403 1634 1456 Ausonium
1657 1410 2020 1460 commentario
2040 1426 2146 1460 me-

250 1493 501 1545 moratur,
534 1484 602 1536 est
620 1480 718 1536 fine
739 1478 894 1534 dubio
925 1474 1139 1550 Ausonii
1159 1474 1308 1552 ‘Reda
1331 1478 1469 1529 versu
1494 1490 1572 1542 89.
1612 1481 1720 1549 post
1739 1479 1941 1532 [alarem
1962 1496 2011 1533 et
2033 1496 2144 1535 ante

263 1554 493 1610 umbram
512 1570 846 1618 memoratus,
895 1549 1225 1625 nullospiwae
1244 1548 1514 1609 nociturus
1533 1549 1770 1608 acumine.
1845 1553 1973 1608 Aliis
2004 1559 2146 1624 igno-

261 1637 338 1680 tus
370 1632 521 1702 piscis.

408 1702 569 1777 Esox.
610 1709 688 1757 De
710 1701 1053 1757 nomineEsox
1075 1698 1492 1760 dixiinsalmone3
1527 1699 1838 1768 oxyrynchos
1858 1719 1921 1756 ex
1933 1698 2147 1757 Aeliano
2196 1702 2235 1745 Ρ·
2262 1717 2327 1760 27.

2169 1758 2270 1803 Gen.
2298 1777 2346 1806 ιο

265 1777 485 1834 laudatos
512 1779 609 1832 alio
640 1782 881 1849 pertinere
908 1774 1129 1847 pluribus
1151 1779 1201 1827 in
1232 1772 1354 1828 locis
1389 1774 1734 1829 demonstravi.
1843 1781 1923 1830 De
1954 1797 2144 1846 cogno-
2203 1796 2284 1861 No·
2309 1795 2359 1863 h·

262 1858 397 1907 mine
418 1853 516 1907 Nili
545 1854 672 1925 pisce
708 1851 948 1904 dubitatio
978 1867 1157 1918 magna
1185 1850 1265 1901 est.
1329 1848 1632 1919 Sphyraenae
1660 1846 1898 1922 Oppiani
1927 1857 2142 1907 marinae

261 1928 380 1982 sunt.
450 1933 642 1981 Primus
664 1931 787 1980 inter
808 1926 983 1987 latinos
1002 1925 1257 1995 scriptores
1280 1919 1545 1994 Ausonius
1564 1923 1753 1978 lucium
1777 1930 2077 1990 nominavit,
2112 1945 2143 1981 e

262 2019 441 2071 graeco
471 1997 654 2070 λύκος,
690 2000 851 2072 lycus,
891 1998 1060 2062 luem,
1094 2003 1124 2052 i.
1146 2016 1188 2052 e.
1228 1997 1387 2068 lupus.

408 2071 611 2150 Βελόγη
635 2089 683 2128 et
709 2079 912 2149 Ραφίς,
958 2078 986 2127 i.
1009 2092 1049 2126 e.
1087 2073 1239 2126 Acus.
1289 2068 1637 2143 Epicharmus
1664 2072 1794 2142 apud
1821 2069 2140 2129 Athenaeum
2187 2081 2269 2126 No.
2291 2095 2332 2125 2.

258 2153 375 2202 VIII.
396 2169 442 2220 p.
469 2168 523 2212 35
545 2170 586 2207 ς.
624 2148 854 2218 raphides
886 2161 1034 2201 acuto
1063 2147 1218 2199 rostro
1248 2144 1471 2215 appellat.
1564 2143 1843 2218 Oppianus
1863 2152 1894 2201 1.
1935 2166 2048 2208 172.
2089 2153 2139 2204 in

257 2226 405 2295 petris
425 2238 475 2276 et
495 2227 650 2276 arenis
673 2223 854 2290 degere
885 2225 950 2274 ait
970 2221 1254 2291 sphyraenas
1283 2233 1331 2272 et
1351 2216 1562 2287 graciles·
1585 2219 1823 2290 raphides.
1909 2222 2047 2275 Idem
2066 2228 2139 2276 ΠΙ.

257 2305 383 2358 605.
415 2297 616 2352 easdem
635 2296 859 2367 raphides
883 2309 1040 2348 narrat
1060 2308 1163 2347 rete
1188 2292 1434 2355 dentibus,
1465 2312 1594 2365 quos
1618 2293 1827 2348 habeant
1842 2293 2140 2368 frequentes,
2170 2311 2171 2314 ’

256 2385 511 2443 appetere,
545 2386 687 2444 atque
707 2375 769 2424 ita
793 2383 954 2440 captas
977 2368 1191 2422 haerere.
1273 2367 1538 2440 Hodieque
1569 2371 1749 2422 Graeci
1775 2369 2028 2436 βελονῖδαι
2056 2390 2140 2442 ap-

258 2445 464 2518 pellant,
512 2447 629 2499 teste
654 2440 883 2498 Forskc'5l
905 2444 1141 2513 Descript.
1164 2441 1384 2495 Animal.
1417 2460 1462 2512 p.
1482 2447 1600 2494 XIII.
1713 2445 1907 2497 Eodem
1934 2450 2139 2500 nomine

258 2525 409 2575 etiam
431 2520 611 2574 indicat
628 2516 951 2581 Xenocrates
973 2518 1034 2570 de
1055 2517 1314 2570 Alimento
1344 2535 1407 2569 ex
1440 2517 1621 2588 Aquat.
1653 2535 1695 2569 e.
1717 2534 1766 2581 7.
1816 2517 1897 2571 ubi
1929 2517 2139 2574 beionae

260 2614 449 2650 corneo
481 2596 637 2648 rostro
670 2611 696 2646 a
720 2590 1103 2661 cognominibus
1134 2592 1506 2659 distinguuntur.
1593 2588 1893 2663 Kymnides
1914 2592 2039 2647 libro
2060 2598 2138 2647 IV.

259 2689 324 2724 ex
345 2669 562 2725 verfione
585 2664 801 2725 Riviwi':
836 2664 1016 2738 Raphis
1039 2665 1088 2718 id
1109 2667 1176 2718 est
1195 2666 1373 2727 sutura,
1411 2665 1548 2734 piscis
1561 2666 1645 2728 est,
1678 2670 1762 2737 qui
1782 2682 1983 2720 vocatur
2003 2667 2140 2729 belo-

261 2749 335 2798 nis
363 2750 392 2798 i.
412 2763 453 2798 e.
481 2755 625 2807 acus,
657 2741 845 2796 habens
872 2759 931 2794 os
952 2758 1158 2810 parvum
1180 2738 1414 2806 longum,
1464 2737 1626 2792 similis
1647 2739 1949 2809 sphyraenae.
2043 2743 2139 2795 Sed

259 2822 310 2872 in
332 2818 457 2873 libro
476 2823 506 2870 1.
532 2825 695 2890 'quem
717 2833 949 2885 graecum
974 2812 1135 2869 babeo
1157 2832 1222 2866 ex
1242 2811 1524 2866 liberalitate
1548 2813 1652 2868 Cel.
1665 2812 1913 2880 Grunmi,
1953 2815 2138 2869 Medici

256 2892 482 2955 lenenfis,
505 2888 858 2963 legiturraphis
879 2892 1099 2943 marinus
1119 2888 1290 2959 piscis,
1313 2905 1515 2959 parvus,
1539 2892 1622 2961 qui
1642 2887 1864 2942 subulam
1886 2890 2140 2960 (raphida)

258 2986 418 3021 inore
473 2981 574 3019 erit.

330 3029 361 3075 .'
406 2986 695 3111 Agkawiger.
728 3033 977 3093 Albertus
996 3041 1172 3090 XXIV.
1192 3055 1237 3107 p.
1265 3052 1437 3098 24r.a.
1484 3035 1714 3089 editionis
1743 3017 1960 3089 Venetae
1990 3055 2088 3103 149
2101 3057 2142 3096 ς.

255 3118 450 3186 Amger
479 3129 532 3169 ut
553 3115 725 3170 dicunt
743 3113 882 3185 piscis
904 3114 989 3177 est,
1020 3116 1102 3186 qui
1123 3129 1265 3166 armo
1289 3110 1658 3181 propemodum
1679 3108 1844 3168 similis
1863 3113 1932 3165 est
1944 3148 1971 3235 ‚l
1998 3125 2045 3163 et
2076 3113 2144 3165 est

1307 3189 1357 3239 D
1975 3203 2142 3257 ongus
