2571 3775
440 340 508 390 92

232 451 313 495 No·
346 461 386 505 4·
533 504 536 505 γ
587 444 920 529 τΙΧῘΙελοῖικὲξρος,
958 450 1330 516 MelanuruS,‘i.
1343 471 1384 507 e.
1398 456 1484 526 qui
1500 451 2084 522 caudamnigramhabet.
2123 448 2327 526 Aristo-

442 523 565 588 teles
589 529 733 580 HA.
767 533 888 581 VIII.
925 546 977 580 ρ.
1008 527 1114 596 alga
1147 527 1364 581 victitare
1397 533 1479 582 ait.
1554 523 1836 582 Athenaeus
1863 532 1959 582 VII.
1988 546 2029 581 c.
2071 547 2150 588 15.
2187 525 2328 595 sargo

443 599 657 656 fimilem
680 615 728 655 et
747 620 807 654 ex
836 599 1096 672 Aristotele
1116 601 1258 656 lineis
1285 606 1438 671 nigris
1457 600 1681 673 pluribus
1705 601 1923 672 pictum,
1963 617 2013 656 et
2029 602 2192 656 versus
2213 620 2328 654 cau-

441 675 565 728 dam
600 674 791 729 macula
826 690 1054 729 notatum
1090 677 1184 730 effe
1217 675 1375 730 refert.
1495 676 1759 731 Littorales
1797 676 2080 731 melanuros
2120 675 2327 747 appellat

446 747 730 805 Marcellus
760 750 945 804 Sidetes
981 752 1120 803 versu
1151 771 1227 815 13.
1344 751 1430 803 Ad
1462 750 1627 805 littora
1664 751 2104 806 humilia'arenosa
2143 753 2326 820 degere

444 827 581 877 canit
610 828 758 876 etiam
787 821 1066 896 Oppianus
1094 829 1126 877 I.
1162 837 1246 890 98.
1307 824 1491 879 debiles
1534 826 1612 879 vel
1653 826 1856 879 timidos
1890 826 2136 896 appellans
2175 825 2328 879 mela-

448 916 615 952 nuros.
691 903 745 950 In
765 902 917 967 petris
939 899 1118 966 degere
1137 903 1388 953 annotavit
1408 896 1675 953 Columella
1695 904 1818 953 VIII.
1841 918 1882 952 c.
1913 907 1989 951 16.
2010 900 2051 970 §.
2079 915 2123 961 8.
2171 899 2326 955 Mela-

448 982 631 1027 'nurum
663 986 837 1042 utpote
877 975 1107 1026 timidum
1136 972 1275 1026 valde
1304 991 1397 1026 nec
1429 972 1658 1043 gulosum
1692 992 1784 1027 nec
1807 973 1930 1026 naffa
1963 994 2057 1027 nec
2077 978 2166 1027 reti
2186 973 2330 1027 facile

448 1050 559 1117 capi
590 1050 722 1099 canit
752 1044 1030 1119 Oppianus
1061 1052 1135 1100 ΙΙΙ.
1164 1067 1268 1114 443
1298 1049 1427 1121 seqq.
1517 1050 1862 1119 *Tempestate
1892 1049 2054 1102 serena
2092 1053 2144 1101 in
2185 1065 2329 1101 arena

449 1125 602 1193 quieti
621 1124 802 1188 jacent,
843 1122 926 1174 sed
957 1125 1082 1175 mari
1121 1126 1371 1176 concitato
1400 1126 1562 1176 ventis
1596 1121 1682 1176 soli
1713 1124 1920 1193 piscium
1958 1121 2166 1177 conferti
2194 1140 2330 1187 mare

453 1210 807 1266 pervagantur,
859 1200 1086 1266 inprimis
1115 1210 1282 1250 tamen
1314 1196 1455 1251 litora
1486 1212 1744 1270 petrasque
1780 1197 1936 1251 litoris
1972 1200 2265 1270 sequuntur,
2300 1195 2334 1250 fi

453 1270 579 1341 quid
596 1268 723 1324 forte
756 1268 856 1323 cibi
884 1289 1018 1323 mare
1051 1270 1264 1338 ejectum
1292 1272 1570 1325 ostenderit.
1649 1272 1740 1325 Sed
1771 1287 1879 1324 tum
1910 1274 2169 1344 piscatores
2203 1270 2334 1324 calli-

457 1344 622 1399 diores
649 1353 842 1398 mazam
864 1345 1002 1398 caseo
1026 1360 1075 1398 et
1105 1364 1230 1416 pane
1253 1343 1431 1398 faedam
1462 1350 1514 1398 in
1542 1364 1677 1399 mare
1711 1350 2001 1417 projiciunt,
2058 1347 2334 1417 eademque

459 1418 641 1472 deinde
673 1420 776 1472 esca
805 1419 964 1472 hamis
991 1418 1347 1490 multiplicibus
1387 1420 1539 1474 indita
1568 1419 1851 1475 melanuros
1889 1425 2101 1493 capiunt.
2185 1425 2336 1472 Hunc

454 1491 631 1547 locum
660 1493 901 1564 exscripsit
921 1491 1168 1548 Aelianus
1189 1500 1221 1547 Ι.
1244 1514 1330 1557 4ῐ.
1367 1495 1449 1547 sed
1478 1496 1646 1549 nescio
1679 1496 1811 1549 unde
1841 1496 2000 1550 addit:
2052 1494 2335 1549 melanuros

456 1571 581 1621 mari
604 1568 870 1639 tranquillo
889 1572 937 1620 in
966 1572 1114 1638 petris
1138 1583 1220 1621 aut
1242 1567 1455 1637 subralga
1482 1570 1708 1624 conditos
1729 1570 1896 1633 latere,
1934 1569 2157 1642 cibisque
2178 1573 2337 1623 maxi-

457 1659 543 1696 me
577 1641 798 1696 coenofis
820 1657 903 1695 aut
921 1641 1122 1697 foetidis
1154 1639 1423 1722 (ῥυπωροέ)
1449 1645 1678 1713 gaudere.
1751 1646 2014 1699 Piscatores
2046 1645 2203 1698 litoris
2230 1643 2340 1698 Ali·-

459 1720 642 1770 cantini
679 1720 729 1769 in
768 1718 996 1787 Hispania
1035 1718 1252 1787 globulis
1297 1716 1585 1773 furfuraceis
1622 1719 1906 1773 melanuros
1936 1718 2138 1773 allectos
2165 1729 2340 1790 capere

461 1795 657 1844 monuit
689 1789 779 1845 Du
812 1788 1005 1845 Hamel.
1100 1796 1281 1846 Graeci
1309 1792 1537 1846 hodierni
1574 1789 1856 1869 μελάνερω
1894 1793 2134 1865 appellant
2162 1794 2340 1856 adhuc,

459 1867 579 1918 teste
614 1861 844 1936 Forsko'l
868 1867 1108 1937 Descript.
1146 1865 1365 1920 Animal.
1419 1887 1464 1938 p.
1497 1872 1626 1921 XIV.
1695 1865 1904 1922 Plz'uius
1937 1873 2138 1920 XXXII.
2169 1886 2271 1938 cap.
2296 1886 2342 1920 2.

461 1943 518 1992 In
541 1939 772 1993 Stabiano
794 1942 1093 2011 Campaniae
1115 1942 1177 1994 ad
1197 1940 1427 1995 Herculis
1449 1957 1637 2013 petram
1664 1941 1904 1995 melanuri
1929 1947 1981 1995 in
2001 1961 2135 1995 mare
2160 1958 2341 2013 panem

462 2011 709 2081 abjectum
731 2019 944 2085 rapiunt3
981 2015 1140 2068 iidem
1166 2016 1226 2068 ad
1247 2015 1440 2068 nullum
1461 2016 1659 2079 cibum,
1698 2021 1747 2069 in
1772 2036 1876 2088 quo
1898 2017 2073 2070 hamus
2092 2016 2164 2080 fit,
2201 2036 2341 2070 acce-

444 2087 602 2141 dunt.
677 2088 818 2141 Idem
844 2107 947 2159 cap.
980 2109 998 2141 1
1019 2110 1058 2141 1.
1104 2090 1420 2143 Melanurum
1444 2105 1492 2143 et
1510 2090 1758 2144 oculatam
1778 2093 2055 2162 separatim,
2093 2090 2344 2146 oculatam

466 2180 583 2215 cum
602 2161 766 2225 scar0,
812 2178 973 2216 aurata
995 2177 1043 2215 et
1067 2183 1222 2218 corvo
1241 2162 1411 2236 Celsus
1432 2170 1483 2217 II.
1516 2178 1592 2222 ¹8.
1648 2169 1890 2218 nominat.
1978 2164 2161 2221 Gazae
2189 2165 2341 2219 verfio

464 2255 558 2307 pro
591 2236 847 2290 melanuro
870 2237 1115 2292 oculatam
1137 2238 1297 2291 habet.
1372 2241 1458 2291 An
1479 2238 1615 2291 idem
1636 2239 1689 2294 fit
1711 2258 1828 2292 cum
1851 2239 2044 2293 oculata
2078 2244 2162 2292 vix
2189 2240 2344 2294 hodie

280 2362 290 2377 ‚A
463 2311 656 2365 definiri
683 2300 855 2381 pote'st.

279 2382 321 2460 §³-
351 2392 416 2436 59·
616 2385 928 2460 Ερυθρῑμος,
968 2383 1196 2438 Rubellio
1220 2383 1369 2437 latine
1392 2388 1515 2437 verti
1534 2386 1722 2455 potest,
1760 2403 1785 2438 a
1808 2385 1979 2440 colore
1999 2386 2165 2442 rubro.
2223 2385 2345 2442 Ari-

258 2438 339 2480 Μ·
361 2451 399 2493 5·
421 2507 428 2511 .
457 2455 659 2528 stoteles
682 2464 745 2510 H.
766 2462 829 2511 A.
853 2463 977 2513 VIII.
998 2480 1015 2510 ῐ
1035 2478 1076 2521 3.
1109 2458 1209 2512 alto
1232 2462 1282 2511 in
1302 2463 1425 2511 mari
1444 2460 1589 2527 degit.
1665 2465 1914 2514 Praeterea
1932 2465 1980 2513 in
2000 2462 2102 2516 hoc
2131 2463 2342 2534 piscium

467 2551 651 2600 genere
676 2532 836 2587 nullos
856 2537 1055 2604 reperiri
1078 2552 1237 2587 mares
1269 2533 1351 2585 sed
1368 2552 1542 2587 omnes
1565 2538 1673 2587 ovis
1697 2534 1871 2604 plenos
1891 2534 2089 2600 dubius,
2126 2537 2348 2610 aliquan-

471 2607 538 2660 do
563 2608 892 2661 confidentius
916 2608 1057 2660 tradit
1070 2613 1148 2661 IV.
1173 2627 1188 2658 1
1210 2612 1337 2660 1.VI.
1360 2627 1435 2669 13.
1474 2608 1535 2661 de
1548 2613 1882 2663 Generatione
1904 2615 1959 2662 ΙΙ.
1987 2631 2030 2663 ς.
2072 2616 2104 2663 Ι.
2126 2631 2168 2672 5.
2189 2627 2238 2664 et
2270 2629 2344 2663 ιο.

468 2684 635 2735 Locus
654 2681 715 2734 de
739 2686 970 2742 Generat.
989 2687 1066 2734 III.
1090 2701 1128 2735 r.
1165 2681 1250 2735 ubi
1274 2681 1335 2734 de
1356 2681 1530 2734 eadem
1560 2701 1611 2753 re
1637 2682 1851 2746 locutUS‚
1878 2684 2343 2751 erythrinosfluvia-

469 2754 580 2808 tiles
601 2753 760 2809 facere
781 2757 1003 2819 videtur,
1040 2756 1137 2809 fine
1161 2755 1318 2809 dubio
1342 2760 1466 2810 vitio
1487 2755 1701 2818 laborat3
1740 2772 1788 2810 et
1804 2760 1903 2823 jam
1924 2757 2048 2811 olim
2070 2756 2347 2822 Salvianus

467 2847 513 2900 p.
541 2847 660 2895 239.
697 2835 767 2882 H„
788 2849 832 2882 2.
861 2829 1120 2884 rescribere
1141 2831 1266 2898 juffit
1287 2829 1536 2900 phoxinos
1555 2851 1648 2902 pro
1670 2831 1938 2898 erythrinis.
2014 2830 2293 2904 Oppianus
2312 2839 2346 2887 I.

471 2922 558 2969 97.
597 2903 760 2959 littora
779 2905 985 2958 humilia
1007 2906 1202 2959 arenosa
1226 2904 1442 2958 incolere
1468 2910 1557 2967 ait,
1596 2925 1699 2959 non
1726 2905 1900 2959 rubros
1922 2906 2001 2958 sed
2027 2904 2238 2976 {away
2266 2927 2349 2979 ap-

471 2976 680 3047 pellans,
726 2983 755 3031 i.
787 2998 829 3032 e.
858 2984 965 3034 auri
993 2978 1186 3048 fulgore
1217 2978 1549 3050 splendentes,
1597 2977 1771 3033 fulvos,
1831 2979 1915 3032 ubi
1950 2981 2144 3035 Scholia
2176 2993 2347 3050 graeca

474 3051 677 3105 Codicis
728 3055 925 3109 Palatini
975 3072 1020 3106 2.
1078 3048 1406 3130 λιᾶρινοὲριοι,
1460 3052 1748 3116 lithrinaria‚
1813 3058 2186 3125 interpretantur
2221 3062 2348 3126 quos

473 3121 750 3197 Oppianus
775 3133 919 3182 metri
939 3129 1076 3182 causa
1097 3127 1350 3196 erythinos
1371 3127 1591 3199 appellat.
1668 3129 1839 3201 Atque
1857 3133 1919 3182 ita
1942 3133 2090 3184 etiam
2101 3126 2350 3184 Belouius

1248 3237 1251 3239 »
2202 3207 2350 3258 retert
