<?xml version="1.0" encoding="UTF-8"?>
<!DOCTYPE html PUBLIC "-//W3C//DTD XHTML 1.0 Transitional//EN"
    "http://www.w3.org/TR/xhtml1/DTD/xhtml1-transitional.dtd">
<html xmlns="http://www.w3.org/1999/xhtml" xml:lang="en" lang="en">
 <head>
  <title>
</title>
<meta http-equiv="Content-Type" content="text/html;charset=utf-8" />
  <meta name='ocr-system' content='tesseract 3.04.00' />
  <meta name='ocr-capabilities' content='ocr_page ocr_carea ocr_par ocr_line ocrx_word'/>
</head>
<body>
  <div class='ocr_page' id='page_1' title='image "./synonymiapiscium00arte_0345.png"; bbox 0 0 2571 3775; ppageno 0'>
   <div class='ocr_carea' id='block_1_1' title="bbox 1133 365 1424 376">
    <p class='ocr_par' dir='ltr' id='par_1_1' title="bbox 1133 365 1424 376">
     <span class='ocr_line' id='line_1_1' title="bbox 1133 365 1424 376; baseline 0 3399"><span class='ocrx_word' id='word_1_1' title='bbox 1133 365 1424 376; x_wconf 95' lang='lat' dir='ltr'> </span> 
     </span>
    </p>
   </div>
   <div class='ocr_carea' id='block_1_2' title="bbox 1125 317 2236 396">
    <p class='ocr_par' dir='ltr' id='par_1_2' title="bbox 1125 317 2236 396">
     <span class='ocr_line' id='line_1_2' title="bbox 1125 317 2236 396; baseline -0.006 4"><span class='ocrx_word' id='word_1_2' title='bbox 1125 332 1427 363; x_wconf 66' lang='grc'><strong>’““··““·’··“·</strong></span> <span class='ocrx_word' id='word_1_3' title='bbox 2132 317 2236 396; x_wconf 71' lang='lat'>3³3</span> 
     </span>
    </p>
   </div>
   <div class='ocr_carea' id='block_1_3' title="bbox 300 452 2251 1746">
    <p class='ocr_par' dir='ltr' id='par_1_3' title="bbox 1076 452 1459 524">
     <span class='ocr_line' id='line_1_3' title="bbox 1076 452 1459 524; baseline -0.005 -17"><span class='ocrx_word' id='word_1_4' title='bbox 1076 452 1162 508; x_wconf 81' lang='lat' dir='ltr'>Ad</span> <span class='ocrx_word' id='word_1_5' title='bbox 1196 472 1308 524; x_wconf 89' lang='lat' dir='ltr'>pag.</span> <span class='ocrx_word' id='word_1_6' title='bbox 1343 473 1459 520; x_wconf 83' lang='lat'><strong>177·</strong></span> 
     </span>
    </p>

    <p class='ocr_par' dir='ltr' id='par_1_4' title="bbox 300 548 2246 1375">
     <span class='ocr_line' id='line_1_4' title="bbox 454 548 2240 623; baseline -0.006 -11"><span class='ocrx_word' id='word_1_7' title='bbox 454 556 550 612; x_wconf 83' lang='lat' dir='ltr'>Etfi</span> <span class='ocrx_word' id='word_1_8' title='bbox 579 560 773 610; x_wconf 87' lang='lat' dir='ltr'>animus</span> <span class='ocrx_word' id='word_1_9' title='bbox 800 552 926 606; x_wconf 86' lang='lat' dir='ltr'><strong>mihi</strong></span> <span class='ocrx_word' id='word_1_10' title='bbox 957 554 1004 604; x_wconf 79' lang='lat' dir='ltr'>in</span> <span class='ocrx_word' id='word_1_11' title='bbox 1027 550 1328 623; x_wconf 83' lang='lat' dir='ltr'>exquirenda</span> <span class='ocrx_word' id='word_1_12' title='bbox 1351 554 1543 618; x_wconf 83' lang='lat' dir='ltr'><strong>myxini</strong></span> <span class='ocrx_word' id='word_1_13' title='bbox 1565 548 1875 604; x_wconf 73' lang='lat' dir='ltr'>similitudine</span> <span class='ocrx_word' id='word_1_14' title='bbox 1897 550 2158 604; x_wconf 76' lang='lat' dir='ltr'>inclinabat</span> <span class='ocrx_word' id='word_1_15' title='bbox 2181 550 2240 602; x_wconf 87' lang='lat' dir='ltr'>ad</span> 
     </span>
     <span class='ocr_line' id='line_1_5' title="bbox 305 621 2245 697; baseline -0.007 -9"><span class='ocrx_word' id='word_1_16' title='bbox 305 633 622 688; x_wconf 84' lang='lat' dir='ltr'>blenniorum</span> <span class='ocrx_word' id='word_1_17' title='bbox 652 647 838 697; x_wconf 86' lang='lat' dir='ltr'>genus,</span> <span class='ocrx_word' id='word_1_18' title='bbox 875 626 1024 680; x_wconf 88' lang='lat' dir='ltr'>video</span> <span class='ocrx_word' id='word_1_19' title='bbox 1049 640 1221 678; x_wconf 83' lang='lat' dir='ltr'>tamen</span> <span class='ocrx_word' id='word_1_20' title='bbox 1250 643 1383 678; x_wconf 89' lang='lat' dir='ltr'>nunc</span> <span class='ocrx_word' id='word_1_21' title='bbox 1410 625 1618 679; x_wconf 87' lang='lat' dir='ltr'>demum</span> <span class='ocrx_word' id='word_1_22' title='bbox 1639 623 1699 678; x_wconf 87' lang='lat' dir='ltr'>ab</span> <span class='ocrx_word' id='word_1_23' title='bbox 1733 629 1933 694; x_wconf 80' lang='lat' dir='ltr'>egregio</span> <span class='ocrx_word' id='word_1_24' title='bbox 1956 621 2135 679; x_wconf 78' lang='lat' dir='ltr'>Pallas</span> <span class='ocrx_word' id='word_1_25' title='bbox 2157 625 2245 676; x_wconf 87' lang='lat' dir='ltr'>de-</span> 
     </span>
     <span class='ocr_line' id='line_1_6' title="bbox 303 699 2243 777; baseline -0.007 -14"><span class='ocrx_word' id='word_1_26' title='bbox 303 710 472 777; x_wconf 77' lang='lat' dir='ltr'>scripta</span> <span class='ocrx_word' id='word_1_27' title='bbox 492 704 587 758; x_wconf 85' lang='lat' dir='ltr'>esse</span> <span class='ocrx_word' id='word_1_28' title='bbox 601 702 793 775; x_wconf 86' lang='lat' dir='ltr'>aliquot</span> <span class='ocrx_word' id='word_1_29' title='bbox 815 699 1087 770; x_wconf 85' lang='lat' dir='ltr'>gobiorum</span> <span class='ocrx_word' id='word_1_30' title='bbox 1102 700 1390 753; x_wconf 86' lang='lat' dir='ltr'>Indicorum</span> <span class='ocrx_word' id='word_1_31' title='bbox 1414 717 1610 768; x_wconf 83' lang='lat' dir='ltr'>genera,</span> <span class='ocrx_word' id='word_1_32' title='bbox 1631 718 1846 772; x_wconf 84' lang='lat' dir='ltr'>quorum</span> <span class='ocrx_word' id='word_1_33' title='bbox 1867 702 2082 770; x_wconf 84' lang='lat' dir='ltr'>primum</span> <span class='ocrx_word' id='word_1_34' title='bbox 2101 716 2243 769; x_wconf 82' lang='lat' dir='ltr'>prae-</span> 
     </span>
     <span class='ocr_line' id='line_1_7' title="bbox 305 760 2244 852; baseline -0.006 -17"><span class='ocrx_word' id='word_1_35' title='bbox 305 787 450 852; x_wconf 85' lang='lat' dir='ltr'>cipue</span> <span class='ocrx_word' id='word_1_36' title='bbox 472 782 630 850; x_wconf 86' lang='lat' dir='ltr'><strong>pinnis</strong></span> <span class='ocrx_word' id='word_1_37' title='bbox 653 774 982 848; x_wconf 57' lang='lat' dir='ltr'>pedioralibus</span> <span class='ocrx_word' id='word_1_38' title='bbox 1002 775 1163 843; x_wconf 86' lang='lat' dir='ltr'><strong>longis</strong></span> <span class='ocrx_word' id='word_1_39' title='bbox 1191 776 1352 827; x_wconf 86' lang='lat' dir='ltr'>craffis</span> <span class='ocrx_word' id='word_1_40' title='bbox 1374 789 1421 826; x_wconf 92' lang='lat' dir='ltr'>et</span> <span class='ocrx_word' id='word_1_41' title='bbox 1441 772 1757 836; x_wconf 85' lang='lat' dir='ltr'>brachiorum</span> <span class='ocrx_word' id='word_1_42' title='bbox 1775 760 2244 842; x_wconf 53' lang='lat' dir='ltr'>similitudinemf‘ge-</span> 
     </span>
     <span class='ocr_line' id='line_1_8' title="bbox 306 846 2246 924; baseline -0.005 -15"><span class='ocrx_word' id='word_1_43' title='bbox 306 853 526 909; x_wconf 85' lang='lat' dir='ltr'>rentibus</span> <span class='ocrx_word' id='word_1_44' title='bbox 551 871 635 924; x_wconf 88' lang='lat' dir='ltr'>per</span> <span class='ocrx_word' id='word_1_45' title='bbox 658 852 816 905; x_wconf 67' lang='lat' dir='ltr'>{utum</span> <span class='ocrx_word' id='word_1_46' title='bbox 836 849 1000 904; x_wconf 67' lang='lat' dir='ltr'>ffiltare</span> <span class='ocrx_word' id='word_1_47' title='bbox 1018 849 1350 920; x_wconf 79' lang='lat' dir='ltr'><strong>praedamque</strong></span> <span class='ocrx_word' id='word_1_48' title='bbox 1380 862 1572 917; x_wconf 87' lang='lat' dir='ltr'>captare</span> <span class='ocrx_word' id='word_1_49' title='bbox 1593 861 1823 901; x_wconf 80' lang='lat' dir='ltr'>narratur.</span> <span class='ocrx_word' id='word_1_50' title='bbox 1898 853 2089 901; x_wconf 84' lang='lat' dir='ltr'>Praeter</span> <span class='ocrx_word' id='word_1_51' title='bbox 2111 846 2246 899; x_wconf 86' lang='lat' dir='ltr'>hunc</span> 
     </span>
     <span class='ocr_line' id='line_1_9' title="bbox 305 917 2244 994; baseline -0.005 -12"><span class='ocrx_word' id='word_1_52' title='bbox 305 927 582 982; x_wconf 83' lang='lat' dir='ltr'>Schloffero</span> <span class='ocrx_word' id='word_1_53' title='bbox 608 925 796 979; x_wconf 62' lang='lat' dir='ltr'>dietum</span> <span class='ocrx_word' id='word_1_54' title='bbox 815 924 1025 994; x_wconf 83' lang='lat' dir='ltr'><strong>gobium</strong></span> <span class='ocrx_word' id='word_1_55' title='bbox 1053 922 1175 977; x_wconf 84' lang='lat' dir='ltr'><strong>alius</strong></span> <span class='ocrx_word' id='word_1_56' title='bbox 1205 927 1352 976; x_wconf 87' lang='lat' dir='ltr'>etiam</span> <span class='ocrx_word' id='word_1_57' title='bbox 1373 940 1398 975; x_wconf 89' lang='lat' dir='ltr'>a</span> <span class='ocrx_word' id='word_1_58' title='bbox 1416 918 1489 977; x_wconf 82' lang='lat' dir='ltr'><em>N</em></span> <span class='ocrx_word' id='word_1_59' title='bbox 1484 917 1698 992; x_wconf 78' lang='lat' dir='ltr'>ieulzofio</span> <span class='ocrx_word' id='word_1_60' title='bbox 1719 921 1876 975; x_wconf 45' lang='lat' dir='ltr'>dietus</span> <span class='ocrx_word' id='word_1_61' title='bbox 1894 917 2129 993; x_wconf 71' lang='lat' dir='ltr'>Pitvzfih</span> <span class='ocrx_word' id='word_1_62' title='bbox 2155 936 2244 990; x_wconf 88' lang='lat' dir='ltr'>per</span> 
     </span>
     <span class='ocr_line' id='line_1_10' title="bbox 306 994 2244 1069; baseline -0.005 -12"><span class='ocrx_word' id='word_1_63' title='bbox 306 1004 534 1058; x_wconf 68' lang='lat' dir='ltr'>coenosa⁴</span> <span class='ocrx_word' id='word_1_64' title='bbox 554 1001 664 1056; x_wconf 89' lang='lat' dir='ltr'>loca</span> <span class='ocrx_word' id='word_1_65' title='bbox 698 1018 874 1068; x_wconf 80' lang='lat' dir='ltr'>magna</span> <span class='ocrx_word' id='word_1_66' title='bbox 914 1018 1033 1051; x_wconf 88' lang='lat' dir='ltr'>cum</span> <span class='ocrx_word' id='word_1_67' title='bbox 1070 997 1315 1051; x_wconf 79' lang='lat' dir='ltr'>celeritate</span> <span class='ocrx_word' id='word_1_68' title='bbox 1352 995 1483 1069; x_wconf 80' lang='lat' dir='ltr'>quafi</span> <span class='ocrx_word' id='word_1_69' title='bbox 1518 995 1798 1067; x_wconf 86' lang='lat' dir='ltr'><strong>amphibius</strong></span> <span class='ocrx_word' id='word_1_70' title='bbox 1839 994 2004 1049; x_wconf 86' lang='lat' dir='ltr'>saltare</span> <span class='ocrx_word' id='word_1_71' title='bbox 2049 996 2244 1048; x_wconf 86' lang='lat' dir='ltr'>dicitur.</span> 
     </span>
     <span class='ocr_line' id='line_1_11' title="bbox 305 1068 2246 1148; baseline -0.005 -17"><span class='ocrx_word' id='word_1_72' title='bbox 305 1078 434 1131; x_wconf 86' lang='lat' dir='ltr'>Vide</span> <span class='ocrx_word' id='word_1_73' title='bbox 453 1075 678 1148; x_wconf 87' lang='lat' dir='ltr'><strong>Spicileg.</strong></span> <span class='ocrx_word' id='word_1_74' title='bbox 700 1073 970 1142; x_wconf 86' lang='lat' dir='ltr'><strong>Zoologica</strong></span> <span class='ocrx_word' id='word_1_75' title='bbox 991 1073 1115 1125; x_wconf 84' lang='lat' dir='ltr'><strong>Fasc.</strong></span> <span class='ocrx_word' id='word_1_76' title='bbox 1135 1076 1234 1124; x_wconf 88' lang='lat' dir='ltr'><strong>VII.</strong></span> <span class='ocrx_word' id='word_1_77' title='bbox 1253 1091 1298 1142; x_wconf 95' lang='lat' dir='ltr'>p.</span> <span class='ocrx_word' id='word_1_78' title='bbox 1315 1090 1346 1136; x_wconf 87' lang='lat'>4</span> <span class='ocrx_word' id='word_1_79' title='bbox 1369 1085 1419 1124; x_wconf 90' lang='lat' dir='ltr'>et</span> <span class='ocrx_word' id='word_1_80' title='bbox 1438 1090 1458 1122; x_wconf 95' lang='lat'>1</span> <span class='ocrx_word' id='word_1_81' title='bbox 1476 1089 1518 1123; x_wconf 87' lang='lat'>1.</span> <span class='ocrx_word' id='word_1_82' title='bbox 1563 1075 1756 1124; x_wconf 81' lang='lat' dir='ltr'>Praeter</span> <span class='ocrx_word' id='word_1_83' title='bbox 1774 1075 1950 1142; x_wconf 86' lang='lat' dir='ltr'>pinnas</span> <span class='ocrx_word' id='word_1_84' title='bbox 1971 1068 2246 1140; x_wconf 61' lang='lat' dir='ltr'>pefiorales</span> 
     </span>
     <span class='ocr_line' id='line_1_12' title="bbox 308 1143 2246 1223; baseline -0.005 -18"><span class='ocrx_word' id='word_1_85' title='bbox 308 1152 491 1223; x_wconf 85' lang='lat' dir='ltr'>reliqua</span> <span class='ocrx_word' id='word_1_86' title='bbox 509 1154 657 1204; x_wconf 87' lang='lat' dir='ltr'>etiam</span> <span class='ocrx_word' id='word_1_87' title='bbox 678 1152 900 1219; x_wconf 88' lang='lat' dir='ltr'>corporis</span> <span class='ocrx_word' id='word_1_88' title='bbox 918 1145 1098 1200; x_wconf 86' lang='lat' dir='ltr'>fabrica</span> <span class='ocrx_word' id='word_1_89' title='bbox 1119 1145 1367 1214; x_wconf 81' lang='lat' dir='ltr'>fingularis</span> <span class='ocrx_word' id='word_1_90' title='bbox 1389 1160 1438 1198; x_wconf 91' lang='lat' dir='ltr'>et</span> <span class='ocrx_word' id='word_1_91' title='bbox 1458 1144 1689 1199; x_wconf 84' lang='lat' dir='ltr'>advitam</span> <span class='ocrx_word' id='word_1_92' title='bbox 1711 1149 1761 1198; x_wconf 90' lang='lat' dir='ltr'>in</span> <span class='ocrx_word' id='word_1_93' title='bbox 1780 1163 1944 1199; x_wconf 88' lang='lat' dir='ltr'>coeno</span> <span class='ocrx_word' id='word_1_94' title='bbox 1967 1143 2246 1212; x_wconf 80' lang='lat' dir='ltr'>degendam</span> 
     </span>
     <span class='ocr_line' id='line_1_13' title="bbox 306 1216 2244 1289; baseline -0.006 -8"><span class='ocrx_word' id='word_1_95' title='bbox 306 1225 684 1281; x_wconf 79' lang='lat' dir='ltr'>accommodata</span> <span class='ocrx_word' id='word_1_96' title='bbox 706 1225 790 1286; x_wconf 78' lang='lat' dir='ltr'>est,</span> <span class='ocrx_word' id='word_1_97' title='bbox 825 1226 894 1275; x_wconf 88' lang='lat' dir='ltr'>uti</span> <span class='ocrx_word' id='word_1_98' title='bbox 916 1222 1065 1275; x_wconf 88' lang='lat' dir='ltr'>docet</span> <span class='ocrx_word' id='word_1_99' title='bbox 1085 1223 1313 1289; x_wconf 82' lang='lat' dir='ltr'>egregius</span> <span class='ocrx_word' id='word_1_100' title='bbox 1334 1217 1529 1274; x_wconf 76' lang='lat' dir='ltr'>Pallas.</span> <span class='ocrx_word' id='word_1_101' title='bbox 1565 1223 1758 1286; x_wconf 81' lang='lat' dir='ltr'>Majore</span> <span class='ocrx_word' id='word_1_102' title='bbox 1786 1223 1931 1287; x_wconf 83' lang='lat' dir='ltr'>igitur</span> <span class='ocrx_word' id='word_1_103' title='bbox 1952 1222 2059 1286; x_wconf 90' lang='lat' dir='ltr'>jure</span> <span class='ocrx_word' id='word_1_104' title='bbox 2085 1216 2244 1272; x_wconf 75' lang='lat' dir='ltr'><em>Theo-</em></span> 
     </span>
     <span class='ocr_line' id='line_1_14' title="bbox 300 1292 2110 1375; baseline -0.006 -20"><span class='ocrx_word' id='word_1_105' title='bbox 300 1297 504 1375; x_wconf 75' lang='lat' dir='ltr'>phrasti</span> <span class='ocrx_word' id='word_1_106' title='bbox 522 1300 704 1369; x_wconf 74' lang='lat' dir='ltr'><strong>piscem</strong></span> <span class='ocrx_word' id='word_1_107' title='bbox 731 1297 954 1350; x_wconf 86' lang='lat' dir='ltr'>Indicum</span> <span class='ocrx_word' id='word_1_108' title='bbox 972 1294 1094 1348; x_wconf 90' lang='lat' dir='ltr'><strong>mihi</strong></span> <span class='ocrx_word' id='word_1_109' title='bbox 1119 1314 1253 1348; x_wconf 86' lang='lat' dir='ltr'>nunc</span> <span class='ocrx_word' id='word_1_110' title='bbox 1277 1295 1337 1346; x_wconf 89' lang='lat' dir='ltr'>ad</span> <span class='ocrx_word' id='word_1_111' title='bbox 1357 1292 1537 1362; x_wconf 85' lang='lat' dir='ltr'><strong>gobios</strong></span> <span class='ocrx_word' id='word_1_112' title='bbox 1559 1292 1737 1347; x_wconf 88' lang='lat' dir='ltr'>referre</span> <span class='ocrx_word' id='word_1_113' title='bbox 1763 1293 1898 1363; x_wconf 87' lang='lat' dir='ltr'>poffe</span> <span class='ocrx_word' id='word_1_114' title='bbox 1921 1293 2110 1348; x_wconf 87' lang='lat' dir='ltr'>videor.</span> 
     </span>
    </p>

    <p class='ocr_par' dir='ltr' id='par_1_5' title="bbox 303 1363 2251 1746">
     <span class='ocr_line' id='line_1_15' title="bbox 454 1363 2245 1444; baseline -0.003 -17"><span class='ocrx_word' id='word_1_115' title='bbox 454 1370 726 1444; x_wconf 76' lang='lat' dir='ltr'>Ostracion</span> <span class='ocrx_word' id='word_1_116' title='bbox 740 1410 756 1435; x_wconf 88' lang='lat'>,</span> <span class='ocrx_word' id='word_1_117' title='bbox 812 1370 874 1424; x_wconf 91' lang='lat' dir='ltr'>ab</span> <span class='ocrx_word' id='word_1_118' title='bbox 916 1366 1139 1424; x_wconf 79' lang='lat' dir='ltr'>Artedio</span> <span class='ocrx_word' id='word_1_119' title='bbox 1175 1373 1457 1423; x_wconf 84' lang='lat' dir='ltr'>nominatus</span> <span class='ocrx_word' id='word_1_120' title='bbox 1491 1387 1552 1421; x_wconf 79' lang='lat' dir='ltr'>ex</span> <span class='ocrx_word' id='word_1_121' title='bbox 1581 1368 1686 1422; x_wconf 87' lang='lat' dir='ltr'>solo</span> <span class='ocrx_word' id='word_1_122' title='bbox 1718 1363 1998 1432; x_wconf 70' lang='lat' dir='ltr'>Strabone,</span> <span class='ocrx_word' id='word_1_123' title='bbox 2056 1384 2245 1421; x_wconf 81' lang='lat' dir='ltr'>nomen</span> 
     </span>
     <span class='ocr_line' id='line_1_16' title="bbox 304 1441 2246 1520; baseline -0.006 -18"><span class='ocrx_word' id='word_1_124' title='bbox 304 1448 452 1502; x_wconf 86' lang='lat' dir='ltr'>habet</span> <span class='ocrx_word' id='word_1_125' title='bbox 474 1467 499 1501; x_wconf 88' lang='lat' dir='ltr'>a</span> <span class='ocrx_word' id='word_1_126' title='bbox 522 1459 810 1515; x_wconf 79' lang='lat' dir='ltr'>tegumento</span> <span class='ocrx_word' id='word_1_127' title='bbox 828 1446 974 1499; x_wconf 85' lang='lat' dir='ltr'>testae</span> <span class='ocrx_word' id='word_1_128' title='bbox 997 1446 1140 1498; x_wconf 84' lang='lat' dir='ltr'>instar</span> <span class='ocrx_word' id='word_1_129' title='bbox 1159 1444 1301 1497; x_wconf 87' lang='lat' dir='ltr'>duro.</span> <span class='ocrx_word' id='word_1_130' title='bbox 1363 1452 1634 1520; x_wconf 58' lang='grc' dir='ltr'><em>Οατροικον</em></span> <span class='ocrx_word' id='word_1_131' title='bbox 1654 1447 1788 1496; x_wconf 89' lang='lat' dir='ltr'>enim</span> <span class='ocrx_word' id='word_1_132' title='bbox 1806 1441 2041 1510; x_wconf 82' lang='lat' dir='ltr'>fignificat</span> <span class='ocrx_word' id='word_1_133' title='bbox 2062 1443 2246 1493; x_wconf 87' lang='lat' dir='ltr'>testam.</span> 
     </span>
     <span class='ocr_line' id='line_1_17' title="bbox 303 1512 2248 1592; baseline -0.006 -14"><span class='ocrx_word' id='word_1_134' title='bbox 303 1527 434 1578; x_wconf 87' lang='lat' dir='ltr'>Inter</span> <span class='ocrx_word' id='word_1_135' title='bbox 457 1521 687 1575; x_wconf 83' lang='lat' dir='ltr'><strong>niloticos</strong></span> <span class='ocrx_word' id='word_1_136' title='bbox 707 1521 861 1592; x_wconf 87' lang='lat' dir='ltr'>pisces</span> <span class='ocrx_word' id='word_1_137' title='bbox 880 1523 1103 1574; x_wconf 86' lang='lat' dir='ltr'>nominat</span> <span class='ocrx_word' id='word_1_138' title='bbox 1124 1514 1334 1573; x_wconf 72' lang='lat' dir='ltr'>Strabo.</span> <span class='ocrx_word' id='word_1_139' title='bbox 1409 1521 1627 1575; x_wconf 84' lang='lat' dir='ltr'>Durities</span> <span class='ocrx_word' id='word_1_140' title='bbox 1647 1515 1777 1580; x_wconf 86' lang='lat' dir='ltr'>facit,</span> <span class='ocrx_word' id='word_1_141' title='bbox 1816 1530 1869 1569; x_wconf 89' lang='lat' dir='ltr'>ut</span> <span class='ocrx_word' id='word_1_142' title='bbox 1889 1513 2066 1570; x_wconf 68' lang='lat' dir='ltr'>Plinio</span> <span class='ocrx_word' id='word_1_143' title='bbox 2089 1512 2248 1567; x_wconf 53' lang='lat' dir='ltr'><strong>didius</strong></span> 
     </span>
     <span class='ocr_line' id='line_1_18' title="bbox 306 1589 2251 1663; baseline -0.004 -12"><span class='ocrx_word' id='word_1_144' title='bbox 306 1592 473 1659; x_wconf 79' lang='lat' dir='ltr'>orbiS,</span> <span class='ocrx_word' id='word_1_145' title='bbox 522 1597 827 1658; x_wconf 85' lang='lat' dir='ltr'>duriffimus,</span> <span class='ocrx_word' id='word_1_146' title='bbox 877 1608 930 1647; x_wconf 91' lang='lat' dir='ltr'>ut</span> <span class='ocrx_word' id='word_1_147' title='bbox 963 1593 1046 1647; x_wconf 90' lang='lat' dir='ltr'>ille</span> <span class='ocrx_word' id='word_1_148' title='bbox 1080 1598 1168 1655; x_wconf 83' lang='lat' dir='ltr'>ait,</span> <span class='ocrx_word' id='word_1_149' title='bbox 1210 1593 1445 1663; x_wconf 86' lang='lat' dir='ltr'><strong>piscium,</strong></span> <span class='ocrx_word' id='word_1_150' title='bbox 1493 1591 1762 1654; x_wconf 83' lang='lat' dir='ltr'>rotundus,</span> <span class='ocrx_word' id='word_1_151' title='bbox 1822 1589 1921 1644; x_wconf 85' lang='lat' dir='ltr'>fine</span> <span class='ocrx_word' id='word_1_152' title='bbox 1958 1591 2251 1661; x_wconf 52' lang='lat' dir='ltr'>squammi&amp;</span> 
     </span>
     <span class='ocr_line' id='line_1_19' title="bbox 304 1664 2061 1746; baseline -0.004 -21"><span class='ocrx_word' id='word_1_153' title='bbox 304 1686 538 1746; x_wconf 88' lang='lat' dir='ltr'>totusque</span> <span class='ocrx_word' id='word_1_154' title='bbox 559 1674 715 1743; x_wconf 82' lang='lat' dir='ltr'>capite</span> <span class='ocrx_word' id='word_1_155' title='bbox 739 1670 991 1732; x_wconf 64' lang='lat' dir='ltr'>constans,</span> <span class='ocrx_word' id='word_1_156' title='bbox 1030 1666 1186 1739; x_wconf 85' lang='lat' dir='ltr'>(libro</span> <span class='ocrx_word' id='word_1_157' title='bbox 1213 1686 1292 1731; x_wconf 82' lang='lat'>32.</span> <span class='ocrx_word' id='word_1_158' title='bbox 1313 1665 1423 1726; x_wconf 64' lang='lat' dir='ltr'>sest</span> <span class='ocrx_word' id='word_1_159' title='bbox 1451 1668 1524 1734; x_wconf 82' lang='lat'>5.)</span> <span class='ocrx_word' id='word_1_160' title='bbox 1550 1666 1687 1720; x_wconf 88' lang='lat' dir='ltr'>idem</span> <span class='ocrx_word' id='word_1_161' title='bbox 1710 1666 1933 1721; x_wconf 84' lang='lat' dir='ltr'>videatur</span> <span class='ocrx_word' id='word_1_162' title='bbox 1952 1664 2061 1719; x_wconf 78' lang='lat' dir='ltr'>effe.</span> 
     </span>
    </p>
   </div>
   <div class='ocr_carea' id='block_1_4' title="bbox 1043 1796 1437 1867">
    <p class='ocr_par' dir='ltr' id='par_1_6' title="bbox 1043 1796 1437 1867">
     <span class='ocr_line' id='line_1_20' title="bbox 1043 1796 1437 1867; baseline -0.008 -16"><span class='ocrx_word' id='word_1_163' title='bbox 1043 1807 1047 1810; x_wconf 81' lang='grc'><strong>’</strong></span> <span class='ocrx_word' id='word_1_164' title='bbox 1127 1796 1214 1850; x_wconf 85' lang='lat' dir='ltr'>Ad</span> <span class='ocrx_word' id='word_1_165' title='bbox 1243 1813 1293 1867; x_wconf 89' lang='lat' dir='ltr'>p.</span> <span class='ocrx_word' id='word_1_166' title='bbox 1320 1814 1437 1860; x_wconf 83' lang='lat'>154.</span> 
     </span>
    </p>
   </div>
   <div class='ocr_carea' id='block_1_5' title="bbox 308 1887 2248 2037">
    <p class='ocr_par' dir='ltr' id='par_1_7' title="bbox 308 1887 2248 2037">
     <span class='ocr_line' id='line_1_21' title="bbox 453 1887 2248 1951; baseline -0.004 -2"><span class='ocrx_word' id='word_1_167' title='bbox 453 1901 508 1949; x_wconf 90' lang='lat' dir='ltr'>ln</span> <span class='ocrx_word' id='word_1_168' title='bbox 543 1889 860 1951; x_wconf 78' lang='lat' dir='ltr'>loco‘Plim&#39;i</span> <span class='ocrx_word' id='word_1_169' title='bbox 887 1892 946 1945; x_wconf 88' lang='lat' dir='ltr'>de</span> <span class='ocrx_word' id='word_1_170' title='bbox 974 1909 1090 1945; x_wconf 86' lang='lat' dir='ltr'>orca</span> <span class='ocrx_word' id='word_1_171' title='bbox 1119 1890 1269 1944; x_wconf 89' lang='lat' dir='ltr'>verba</span> <span class='ocrx_word' id='word_1_172' title='bbox 1298 1893 1360 1943; x_wconf 88' lang='lat' dir='ltr'>ita</span> <span class='ocrx_word' id='word_1_173' title='bbox 1389 1909 1452 1943; x_wconf 87' lang='lat' dir='ltr'>ex</span> <span class='ocrx_word' id='word_1_174' title='bbox 1481 1890 1745 1945; x_wconf 83' lang='lat' dir='ltr'><strong>Codicum</strong></span> <span class='ocrx_word' id='word_1_175' title='bbox 1763 1887 2050 1945; x_wconf 65' lang='lat' dir='ltr'>au&amp;oritate</span> <span class='ocrx_word' id='word_1_176' title='bbox 2068 1890 2248 1943; x_wconf 80' lang='lat' dir='ltr'>consti-</span> 
     </span>
     <span class='ocr_line' id='line_1_22' title="bbox 308 1959 2247 2037; baseline -0.005 -11"><span class='ocrx_word' id='word_1_177' title='bbox 308 1972 490 2026; x_wconf 83' lang='lat' dir='ltr'>tuenda</span> <span class='ocrx_word' id='word_1_178' title='bbox 510 1971 632 2033; x_wconf 85' lang='lat' dir='ltr'>effe,</span> <span class='ocrx_word' id='word_1_179' title='bbox 671 1983 725 2022; x_wconf 87' lang='lat' dir='ltr'>ut</span> <span class='ocrx_word' id='word_1_180' title='bbox 749 1968 961 2037; x_wconf 85' lang='lat' dir='ltr'>legatur:</span> <span class='ocrx_word' id='word_1_181' title='bbox 995 1961 1308 2019; x_wconf 76' lang='lat' dir='ltr'>accumulata</span> <span class='ocrx_word' id='word_1_182' title='bbox 1316 1959 1570 2035; x_wconf 65' lang='lat' dir='ltr'>fluffibus</span> <span class='ocrx_word' id='word_1_183' title='bbox 1584 1981 1743 2020; x_wconf 69' lang='lat' dir='ltr'>arena</span> <span class='ocrx_word' id='word_1_184' title='bbox 1764 1962 1817 2020; x_wconf 77' lang='lat' dir='ltr'>in</span> <span class='ocrx_word' id='word_1_185' title='bbox 1838 1969 2050 2019; x_wconf 77' lang='lat' dir='ltr'>tantum.</span> <span class='ocrx_word' id='word_1_186' title='bbox 2073 1963 2247 2019; x_wconf 80' lang='lat' dir='ltr'><strong>docuit</strong></span> 
     </span>
    </p>
   </div>
   <div class='ocr_carea' id='block_1_6' title="bbox 312 2038 1700 2115">
    <p class='ocr_par' dir='ltr' id='par_1_8' title="bbox 312 2038 1700 2115">
     <span class='ocr_line' id='line_1_23' title="bbox 312 2038 1700 2115; baseline -0.008 -12"><span class='ocrx_word' id='word_1_187' title='bbox 312 2050 502 2103; x_wconf 83' lang='lat' dir='ltr'>Comes</span> <span class='ocrx_word' id='word_1_188' title='bbox 523 2039 816 2103; x_wconf 77' lang='lat' dir='ltr'>Rezzonici</span> <span class='ocrx_word' id='word_1_189' title='bbox 835 2045 885 2098; x_wconf 85' lang='lat' dir='ltr'>in</span> <span class='ocrx_word' id='word_1_190' title='bbox 902 2039 1144 2115; x_wconf 85' lang='lat' dir='ltr'><strong>Disquifit.</strong></span> <span class='ocrx_word' id='word_1_191' title='bbox 1163 2038 1361 2097; x_wconf 85' lang='lat' dir='ltr'>Plinian.</span> <span class='ocrx_word' id='word_1_192' title='bbox 1383 2042 1450 2092; x_wconf 90' lang='lat' dir='ltr'>T.</span> <span class='ocrx_word' id='word_1_193' title='bbox 1471 2043 1526 2092; x_wconf 86' lang='grc' dir='ltr'>ΙΙ.</span> <span class='ocrx_word' id='word_1_194' title='bbox 1548 2057 1592 2110; x_wconf 88' lang='lat' dir='ltr'>p.</span> <span class='ocrx_word' id='word_1_195' title='bbox 1614 2044 1700 2107; x_wconf 84' lang='lat'>96.</span> 
     </span>
    </p>
   </div>
   <div class='ocr_carea' id='block_1_7' title="bbox 1256 3205 2253 3283">
    <p class='ocr_par' dir='ltr' id='par_1_9' title="bbox 1256 3205 2253 3283">
     <span class='ocr_line' id='line_1_24' title="bbox 1256 3205 2253 3283; baseline -0.009 -13"><span class='ocrx_word' id='word_1_196' title='bbox 1256 3205 1311 3269; x_wconf 84' lang='lat' dir='ltr'><strong>T</strong></span> <span class='ocrx_word' id='word_1_197' title='bbox 1312 3217 1340 3283; x_wconf 43' lang='lat' dir='ltr'>,t</span> <span class='ocrx_word' id='word_1_198' title='bbox 1383 3222 1413 3276; x_wconf 71' lang='lat'>3.</span> <span class='ocrx_word' id='word_1_199' title='bbox 2025 3209 2253 3263; x_wconf 75' lang='lat' dir='ltr'>INTER-</span> 
     </span>
    </p>
   </div>
  </div>
 </body>
</html>
