2571 3775
1021 331 1314 353 -“““““
2019 338 2118 376 121

233 464 283 503 et
316 447 397 502 fila
435 447 700 519 pendentia
730 448 781 498 in
811 459 870 498 os
903 444 1181 513 accipiunt,
1248 441 1329 497 illa
1360 441 1531 499 senfim
1559 442 1640 498 fila
1677 464 1793 502 cum
1829 446 1937 520 ipfis
1977 451 2121 523 pisci.-

231 522 353 577 culis
393 527 444 575 in
480 541 538 575 os
597 518 806 580 retrahit.
827 548 892 559 --
1004 521 1170 571 Ranae
1223 535 1350 589 quae
1398 519 1693 590 capillorum
1743 524 1982 591 capitibus
2035 547 2118 582 ro-

231 598 396 651 tundis
430 609 623 656 carent,
658 592 759 654 fere
779 594 1046 645 macriores
1069 592 1164 645 esse
1188 591 1358 646 solent.
1447 600 1502 647 In
1535 594 1636 647 hoc
1668 594 1783 649 loco
1817 596 1948 650 redie
1976 614 2117 655 vetus

229 670 384 725 versio
405 668 575 728 habet3
611 661 959 720 mordentibus
976 672 1143 720 autem
1158 663 1447 738 pisciculis:
1482 672 1548 721 ita
1581 683 1636 721 ut
1661 672 1711 721 in
1729 687 1912 737 graeco
1938 673 2116 726 codice

226 763 323 815 pro
357 737 659 802 ecam-dmm
698 740 926 794 habuerit
968 735 1296 802 καπτόντων.
1410 739 1570 798 Gaza
1601 743 1852 812 vulgatam
1884 747 2115 816 expreffit

225 816 380 872 verbo
392 813 620 888 pulsant.
706 816 857 869 Vides
877 830 1129 886 praeterea
1143 811 1464 885 Aristotelem
1484 821 1686 885 gemina
1714 832 1905 872 tantum
1927 821 2006 874 fila
2031 837 2114 874 ro-

224 890 376 945 tunda
405 888 566 962 aliqua
601 905 734 961 parte
767 888 1033 960 praepilata
1064 904 1176 943 ante
1206 889 1384 944 oculos
1416 909 1621 961 ponere.
1709 896 1945 948 Certatim
1976 895 2112 950 hunc

222 965 392 1019 locum
415 979 602 1018 veteres
623 966 882 1035 scriptores
906 963 1281 1026 transtulerunt3
1340 983 1403 1018 ex
1430 965 1609 1039 quibus
1639 970 1928 1022 varietatem
1950 968 2112 1026 brevi-

220 1053 293 1094 ter
313 1037 577 1093 annotabo.‘
683 1087 686 1090 Δ

369 1110 580 1167 Plinius
609 1116 688 1165 IX.
747 1129 850 1182 cap.
875 1129 960 1177 42.
1010 1115 1274 1165 eminentIa
1313 1110 1400 1164 sub
1433 1111 1593 1167 oculis
1627 1114 1882 1168 cornicula
1911 1117 2106 1176 turbato

219 1186 341 1240 limo
362 1188 560 1250 exserit,
601 1186 874 1249 affultazites
902 1185 1162 1256 pisciculos
1186 1186 1458 1250 attrahenS,
1506 1187 1672 1247 donec
1709 1203 1809 1242 tam
1840 1209 1998 1262 prope
2024 1210 2108 1247 ac-

216 1261 396 1315 cedant
415 1275 468 1314 ut
488 1260 670 1316 affiliat.
746 1258 1050 1331 Antigonus
1080 1263 1322 1328 Carystius
1353 1264 1534 1315 Histor.
1555 1261 1760 1317 mirabil.
1790 1282 1892 1335 cap.
1922 1284 2003 1328 52.
2040 1268 2104 1336 ab

216 1335 322 1407 ipfis
335 1335 495 1389 oculis
508 1335 788 1406 dependere
803 1339 867 1388 ait
885 1334 962 1387 fila
975 1336 1227 1405 piscatoria
1239 1355 1254 1396 3
1294 1333 1613 1399 Plutarchus
1627 1337 1689 1390 de
1702 1337 1906 1392 Solertia
1917 1359 1964 1411 p.
1979 1361 2010 1407 9
2020 1355 2044 1402 8
2054 1360 2104 1407 7...

214 1429 243 1464 e
264 1410 397 1464 coilo
418 1411 628 1463 demittit
650 1408 790 1462 filum
815 1413 1044 1471 unicum3
1081 1406 1330 1463 Aelianus
1352 1416 1433 1463 IX.
1458 1429 1541 1476 24.
1580 1412 1876 1482 praelongos
1897 1415 2101 1485 capillos

212 1486 354 1555 supra
373 1485 549 1539 oculos
571 1484 755 1555 politos
777 1483 1013 1555 appellat,
1064 1484 1237 1537 additis
1263 1489 1315 1537 in
1336 1487 1435 1538 fine
1456 1484 1668 1553 globulis
1693 1490 1878 1551 eraffi8‚
1913 1504 2100 1546 etcum

211 1559 475 1630 superciliis
498 1563 664 1630 inepte
683 1573 951 1630 comparat.
1030 1555 1288 1612 Ciceronis
1301 1558 1441 1614 locus
1453 1560 1516 1614 de
1534 1575 1704 1615 <natura
1719 1563 1933 1616 deorum
1944 1566 1997 1617 11.
2013 1584 2100 1633 49.

209 1651 416 1688 mancus
437 1647 485 1687 et
506 1649 765 1705 corruptus
790 1636 870 1687 est.
947 1629 1225 1705 Oppianus
1244 1638 1296 1687 II.
1315 1636 1522 1709 86seqq.
1560 1653 1691 1699 rana,
1714 1640 1891 1709 inquit,
1913 1643 2103 1695 marina

209 1707 378 1763 mollis
401 1710 468 1763 est
492 1723 541 1761 et
565 1713 703 1778 piger
726 1710 897 1778 piscis,
933 1706 1240 1762 foediffimus
1260 1709 1466 1780 aspedtu.
1554 1712 1630 1764 Os
1652 1710 1747 1764 late
1769 1711 2025 1767 didudhun
2049 1728 2099 1769 et

212 1798 437 1854 apertum
470 1782 629 1836 habet.
706 1788 844 1836 Haec
874 1786 924 1835 in
956 1782 1076 1836 locis
1108 1783 1330 1838 coenofis
1357 1784 1516 1837 abdita
1548 1786 1863 1841 carunculam
1892 1807 2097 1858 parvam

210 1872 412 1911 tenuem
432 1856 623 1921 albam,
669 1861 880 1930 tetrique
910 1857 1110 1921 odoris,
1159 1876 1288 1929 'quae
1321 1857 1509 1914 inferne
1545 1859 1606 1913 ab
1644 1875 1863 1915 extrema
1896 1863 2095 1918 maxilla

210 1936 446 2003 erumpit,
485 1931 719 1986 sublatam
750 1931 1031 2004 frequenter
1058 1936 1283 1993 motitat3
1325 1934 1569 2006 adquam
1592 1954 1709 1988 cum
1740 1937 1955 2007 pisciculi
1986 1953 2092 1991 tan-

208 2025 361 2079 quam
384 2007 447 2059 ad
467 2008 625 2061 escam
645 2007 896 2070 adnatant,
939 2021 1058 2060 tunc
1087 2005 1164 2059 illa
1191 2006 1365 2061 senfim
1394 2008 1709 2062 carunculam
1738 2010 2010 2065 vibrantem
2041 2017 2091 2070 in

206 2101 266 2136 os
286 2080 538 2143 subducit,
577 2081 740 2134 donec
767 2082 920 2150 pisces
943 2084 1388 2152 appropinquantes
1417 2082 1638 2155 nihilque
1668 2088 1925 2154 opinantes
1951 2106 2093 2144 com-

205 2156 536 2226 prehenderit.
611 2153 889 2227 Oppianus
919 2159 1064 2223 igitur
1083 2155 1161 2207 fila
1182 2159 1232 2207 in
1254 2154 1483 2210 inferiore
1513 2157 1709 2211 maxilla
1741 2159 1985 2213 collocare
2019 2165 2091 2216 vi-

207 2230 378 2291 detur3
425 2236 626 2297 (graece
649 2229 822 2298 legitur
846 2231 1118 2309 ἑκνγένυος
1145 2225 1341 2304 νεάτης
1359 2232 1654 2308 ὑπένερθε)
1684 2247 1733 2286 et
1761 2238 1906 2288 nimis
1924 2236 2088 2302 jejune

205 2304 285 2357 fila
306 2303 621 2357 carunculam
643 2321 840 2375 parvam
863 2302 1084 2373 appellat.
1159 2308 1279 2361 Duo
1302 2324 1529 2358 ranarum
1548 2325 1727 2375 genera
1760 2306 1922 2362 facere
1953 2311 2093 2364 vide-

204 2393 284 2432 tur
304 2377 625 2450 philosophus
653 2383 735 2430 IX.
763 2398 840 2441 37.
876 2380 1135 2450 postquam
1157 2382 1290 2431 enim
1311 2379 1510 2433 derana
1539 2381 1795 2451 piscatrice
1825 2389 2091 2452 cognomi-

207 2468 316 2523 nata
337 2453 550 2515 dixerat,
592 2455 701 2522 post
721 2451 907 2524 aliquot
926 2453 1088 2505 versus
1107 2451 1266 2506 subdit
1288 2452 1427 2507 fimili
1447 2455 1607 2509 modo
1626 2459 1676 2509 in
1698 2475 1841 2510 arena
1855 2460 2090 2515 conditos

207 2527 345 2582 lineis
366 2528 447 2581 seu
470 2526 669 2580 radiolis
691 2531 789 2580 oris
814 2528 883 2591 sui
904 2527 1098 2580 exsertis
1116 2527 1374 2596 pisciculos
1389 2529 1672 2585 adnatantes
1693 2550 1864 2602 capere
1885 2533 2090 2597 asinum,

198 2621 400 2665 ranam,
437 2603 639 2672 psettam
675 2615 723 2654 et
746 2602 1030 2672 squatinam.
1093 2602 1189 2653 Sed
1214 2601 1283 2654 ibi
1305 2602 1435 2657 solus
1464 2601 1761 2658 Gazacum
1783 2604 1961 2661 Plinio
1995 2629 2088 2680 pro

205 2696 318 2732 rana
361 2680 619 2738 nominant
655 2679 821 2744 rajam.
941 2674 1204 2746 Copiofius
1234 2676 1297 2729 de
1327 2677 1419 2731 hac
1464 2695 1517 2732 re
1555 2679 1717 2733 dicam
1750 2679 1869 2736 infra
1908 2687 1959 2736 in
1996 2687 2092 2753 raja

201 2751 320 2806 bato
353 2756 448 2806 No.
471 2772 519 2817 9.
1587 2809 1589 2811 ,

357 2829 546 2880 Vitium
589 2823 816 2879 lestionis
859 2822 1069 2879 dubium
1110 2823 1226 2879 fecit
1261 2828 1407 2878 etiam
1440 2822 1504 2880 L.
1544 2824 1633 2881 Th,
1666 2826 2004 2887 Gronovium
2028 2832 2091 2884 ad

202 2895 435 2955 Plinium
455 2920 501 2971 p.
525 2919 610 2966 90.
686 2900 890 2952 Addam
913 2919 1046 2952 nunc
1068 2918 1131 2953 ex
1159 2899 1379 2954 verfione
1408 2915 1571 2954 vetere
1602 2903 1732 2972 apud
1762 2902 1819 2958 V
1821 2902 2090 2958 iacentium

202 2978 353 3027 XVII.
381 2984 483 3044 cap.
517 2987 598 3032 8<.
638 2979 948 3037 varietatem,
991 2993 1117 3045 quae
1149 2975 1326 3028 deinde
1362 2979 1412 3027 in
1444 2974 1595 3028 libros
1622 2976 1951 3046 plurimorum
1976 2979 2090 3038 scri-

199 3063 405 3119 ptorum
424 3047 747 3103 barbarorum
766 3047 854 3102 suit
874 3049 1098 3103 derivata.
1183 3053 1315 3102 Rana
1333 3087 1347 3112 ,
1390 3053 1453 3103 ita
1478 3048 1683 3117 legitur,
1730 3056 1914 3105 marina
1942 3052 2090 3109 habet

203 3121 326 3188 alas,
362 3122 483 3181 ficut
521 3137 573 3178 et
630 3127 799 3179 omnia
850 3138 1037 3188 cetera,
1091 3143 1309 3198 quorum
1335 3121 1464 3195 finis
1507 3121 1670 3181 tendit
1705 3126 1767 3180 ad
1804 3125 2089 3256 stricsiuragn.

1198 3202 1273 3270 Q
1927 3205 2003 3258 Ha
2043 3216 2092 3258 et
