2571 3775
2228 333 2316 374 VH

364 452 507 510 mina
535 449 770 510 barbara,
807 461 1053 519 corrupta
1073 459 1160 501 aut
1181 445 1406 502 Arabica
1428 446 1779 520 undequaque
1801 446 2016 504 collefi'm
2031 446 2318 520 ponebam.

362 550 567 605 Verum
599 544 685 599 vix
720 543 884 598 credo
928 542 1159 598 futurum
1197 540 1294 597 effe
1334 542 1503 596 virum
1535 541 1758 614 aliquem
1787 560 1909 596 vere
1939 543 2182 603 donm,
2229 542 2319 614 qui

362 639 592 715 perle&o
622 639 732 695 hoc
753 659 880 695 meo
907 638 1083 695 libello
1106 637 1171 693 de
1192 635 1281 692 usu
1300 655 1493 710 operae
1517 637 1667 691 huius
1701 636 1932 700 criticae,
1972 656 2097 692 cum
2119 656 2319 708 magno

324 768 334 778 κ
361 732 599 808 profesto
621 735 798 790 taedio
823 732 1149 805 conjunffilae,
1172 732 1408 789 dubitare
1428 732 1593 805 poffit.
1628 733 1689 789 N
1692 751 1754 787 ec
1777 736 1918 788 enim
1942 730 2108 787 solum
2120 730 2317 787 Aristo-

362 830 641 886 telicorum
661 830 911 886 locorum
930 828 1088 885 lefflo
1105 847 1226 885 vera
1249 845 1300 884 et
1318 826 1563 884 sententia
1590 827 1659 883 ita
1679 826 1922 883 constitui
1941 844 1993 883 et
2018 827 2317 882 confirmari

358 941 602 1000 poterat3
666 923 749 982 sed
782 926 936 999 origo
968 923 1117 979 simul
1156 924 1446 980 multorum
1481 941 1719 978 errorum
1750 921 2141 996 fabularumque
2175 921 2316 978 unde

355 1021 561 1078 fluxerit
580 1018 726 1077 facile
755 1041 898 1076 nunc
919 1018 1234 1093 perspicitur.
1312 1020 1539 1075 Plurima
1569 1019 1796 1091 denique
1828 1019 2110 1073 nominum
2140 1036 2318 1073 recen-

358 1118 555 1172 tiorum
583 1136 699 1190 pars
732 1137 795 1172 ex
827 1115 1188 1173 vetustioribus
1216 1115 1509 1188 ignorantia
1539 1115 1840 1170 mediorum
1872 1112 2166 1170 seculorum
2201 1131 2319 1168 cor-

356 1209 520 1285 ruptis
554 1211 623 1268 est
655 1229 795 1274 orta,
845 1228 897 1268 et
924 1210 1298 1284 saepenumero
1330 1211 1395 1266 ad
1425 1211 1584 1266 aliena
1613 1229 1801 1284 genera
1826 1210 2077 1266 translata.
2156 1209 2316 1282 Siqui

357 1309 512 1383 igitur
539 1308 699 1363 latent
731 1307 903 1362 adhuc
932 1308 986 1362 in
1022 1306 1460 1363 bibliothecarum
1503 1306 1724 1379 publicis
1764 1304 2006 1361 thesauris
2052 1304 2211 1361 abditi
2248 1305 2315 1360 de

353 1403 560 1460 historia
599 1402 814 1459 naturali
848 1402 964 1458 libri
993 1401 1303 1476 scriptorum
1338 1402 1499 1458 medii
1529 1402 1664 1469 aevi,
1733 1418 1820 1458 aut
1851 1399 1887 1456 fi
1922 1401 2011 1474 qui
2041 1402 2094 1456 in
2125 1418 2317 1455 monu-

353 1501 546 1556 mentis
575 1497 790 1555 istorum
826 1491 1133 1573 temporum
1169 1499 1510 1554 nominantur
1542 1496 1732 1570 pisccS‚
1795 1497 1989 1551 horum
2029 1497 2315 1569 intelligen-

354 1597 480 1652 tiam
511 1595 735 1650 multum
763 1594 1024 1666 adjuvabit
1063 1594 1222 1651 index
1252 1594 1592 1650 barbarorum
1623 1593 1904 1649 nominum
1924 1634 1938 1657 ‚
1999 1610 2158 1665 quem
2188 1609 2312 1648 cum

350 1691 778 1765 interpretatione
803 1706 891 1747 aut
920 1691 1115 1766 graecis
1146 1689 1416 1746 vocabulis
1446 1689 1697 1763 adjunffls
1727 1686 1890 1763 posui.

502 1824 597 1881 Ne
615 1841 745 1879 vero
772 1822 899 1878 nihil
927 1822 1081 1896 plane
1101 1822 1230 1878 novi
1249 1822 1315 1878 ad
1346 1820 1605 1878 historiam
1636 1819 1853 1895 piscium
1883 1818 2168 1876 naturalem
2199 1818 2311 1874 illu-

353 1918 609 1975 strandam
631 1917 842 1974 attulisse
863 1919 1081 1982 viderer,
1118 1916 1296 1974 sedulo
1318 1919 1431 1974 cavi
1449 1916 1715 1974 interserto
1737 1917 1932 1990 ubique
1954 1915 2150 1988 judicio
2170 1933 2311 1978 meo,

334 1998 443 2070 ’ubi
473 2033 552 2070 res
582 2013 713 2068 mihi
742 2014 808 2069 ad
830 2014 1088 2087 liquidum
1118 2014 1338 2086 perduci
1370 2013 1516 2087 posse
1544 2013 1829 2070 videbatur.
1930 2011 2312 2084 Complurium

353 2111 509 2166 etiam
540 2128 792 2182 generum
823 2114 1142 2165 anatomiam
1170 2108 1368 2165 curiose
1398 2109 1647 2181 adjune‘lis
1687 2108 1898 2182 piffluris
1936 2107 2117 2163 notavi
2155 2123 2311 2179 atque

350 2205 614 2278 explicavi.
692 2205 927 2260 Modum
953 2220 1132 2261 tamen·
1162 2205 1357 2278 ubique
1396 2204 1540 2261 tenui
1581 2224 1729 2271 eum,
1774 2188 1834 2259 ut
1859 2204 2078 2259 leEtores
2109 2201 2311 2276 semper

349 2301 415 2358 ad
448 2320 506 2356 ea
539 2299 789 2373 respicere
817 2300 1032 2362 vellem,
1097 2319 1228 2374 quae
1257 2300 1393 2356 bene
1424 2321 1452 2356 a
1478 2301 1597 2356 viris
1627 2299 1924 2356 doffiffimis
1960 2298 2018 2356 V
2018 2297 2304 2374 ich'azgqr‚

351 2394 595 2470 Camper,
634 2394 856 2462 Momm,
894 2395 1228 2472 Brouffimet,
1261 2394 1359 2452 Du
1391 2393 1598 2466 Herum,
1625 2394 1788 2452 Bloclz
1821 2394 2031 2469 aliisque
2063 2396 2307 2469 explicari

348 2493 707 2549 memineram.

497 2622 899 2697 Hippopotami
924 2622 1130 2679 historia
1160 2622 1356 2695 adje&a
1384 2623 1553 2680 multo
1583 2623 1849 2680 minorem
1876 2623 1995 2679 viris
2016 2622 2183 2679 <iouis
2209 2622 2307 2679 uti-

346 2720 544 2777 litatem
573 2718 823 2794 praestare
850 2719 1112 2776 videbitur
1142 2718 1207 2776 ad
1237 2719 1423 2775 refflus
1455 2719 1843 2793 intelligendam
1877 2719 2107 2776 animalis
2136 2717 2309 2792 fingu-

346 2815 461 2871 laris
493 2831 746 2872 naturam.
826 2815 1031 2872 Verum
1060 2831 1172 2872 tota
1205 2810 1481 2889 disputatio
1513 2835 1580 2872 eo
1610 2813 1705 2871 fuit
1734 2835 1762 2871 a
1788 2835 1876 2871 me
1913 2813 2132 2871 confilio
2170 2814 2310 2870 insti-

346 2927 482 2979 tuta,
520 2927 578 2968 ut
606 2911 836 2985 planum,
884 2930 1042 2985 quam
1075 2932 1103 2967 a
1136 2930 1407 2985 quoquam
1444 2909 1637 2968 saelum
1677 2909 1774 2967 effe
1816 2910 2092 2978 videbam,
2147 2926 2304 2983 atque

347 3007 633 3063 accuratius
662 3007 915 3064 docerem
936 3049 951 3073 ‚
1011 3027 1038 3064 a
1070 3008 1257 3081 quibus
1291 3008 1585 3064 aussoribus
1624 3022 1872 3079 acceptae
1913 3005 2129 3062 notitiae
2160 3002 2305 3062 falsae

341 3103 598 3171 animam,
665 3121 762 3178 per
792 3122 928 3180 quos
965 3103 1249 3179 posteritati
1285 3105 1499 3164 traditae
1530 3104 1691 3177 longa
1721 3101 2033 3162 au&oritaus
2064 3101 2301 3175 ejusdem

2128 3212 2298 3253 COsstl·
