2571 3775
1093 362 1383 387 n*
1713 313 1747 337 v·
2094 376 2123 412 2
2135 371 2203 426 87

256 490 378 544 dum
400 484 576 541 tubulo
595 481 767 539 mobili
791 481 985 549 tegitur.
1059 482 1112 531 In
1142 483 1371 533 maximis
1397 481 1829 552 cartilagineorum
1845 486 2053 557 piscium
2074 493 2200 544 nari-

259 565 351 618 bus
392 560 581 616 valvula
627 575 806 625 magna
858 559 1006 607 etiam
1050 554 1195 607 adest.
1287 559 1428 608 Hanc
1457 554 1691 610 fabricam
1712 561 1773 610 ad
1796 579 1973 633 aquam
2001 564 2199 619 naribus

256 652 503 707 receptam
519 646 664 686 motu
684 630 966 699 agitandam
995 643 1042 681 et
1069 629 1403 682 renovandam
1432 631 1525 685 esse
1560 631 1870 686 neceffariam
1893 640 1942 688 in
1972 637 2199 706 piscibus,

251 725 425 784 utpote
448 726 551 760 non
574 704 932 776 respirantibus,
957 702 1179 756 censebat
1202 699 1433 774 Camper.
1493 706 1726 775 Opuscul.
1745 713 1775 758 Ι.
1795 727 1842 778 p.
1874 716 1953 762 161
1972 715 2120 764 Partis
2145 719 2198 766 Π.

253 792 369 842 Huc
392 782 582 836 trahere
603 779 899 850 operculum
920 781 1109 832 narium
1138 776 1199 830 ab
1221 773 1493 847 Aristotele
1513 781 1573 832 de
1599 783 1782 835 Anima
1802 787 1853 835 ΙΙ.
1880 803 1926 851 9.
1948 802 2198 839 memora.-

255 877 364 915 tum
386 870 591 910 conatus
613 857 680 907 est
701 850 977 909 Schneider
1000 853 1062 905 de
1083 852 1329 906 Catarrhis
1354 851 1480 907 libro
1504 859 1577 907 III.
1633 855 1802 909 Aliam
1826 863 2067 912 rationem
2093 864 2199 914 iniit

250 928 485 990 Severini
507 935 740 984 Zootom.
766 948 812 998 p.
839 946 954 991 124·
1030 932 1257 999 Uterque
1291 940 1456 980 tamen
1485 948 1512 982 a
1540 930 1672 982 sensu
1701 931 1981 1003 philosophi
2004 932 2196 990 aberra-

251 1013 347 1072 vit,
386 1020 439 1058 ut
460 1003 578 1057 infra
602 1005 663 1057 de
687 1006 846 1057 nervis
867 1003 1073 1073 piscium
1090 1000 1465 1069 demonstrabo.

401 1079 606 1133 Addam
635 1079 962 1147 suspicionem
988 1080 1077 1128 viri
1107 1074 1240 1128 do&
1271 1075 1570 1145 propositam
1601 1079 1652 1128 in
1680 1074 1808 1131 libro
1839 1085 2068 1149 egregio:
2105 1079 2194 1137 An

248 1152 404 1228 Effizy
427 1171 490 1207 on
510 1149 855 1225 comparative
879 1147 1154 1221 Anatomy,
1190 1146 1406 1203 Lowdon
1429 1170 1520 1212 174
1533 1170 1580 1214 4.
1602 1149 1684 1204 ubi
1707 1169 1753 1221 p.
1777 1173 1796 1203 1
1812 1171 1877 1216 27
1903 1154 1965 1207 de
1986 1158 2193 1226 piscium

250 1233 462 1284 odoratu
483 1232 547 1281 ita
573 1228 739 1280 tradit:
781 1226 940 1278 Their
961 1242 1123 1292 *organ
1156 1222 1218 1277 of
1237 1223 1460 1293 smelling
1493 1227 1535 1277 is
1562 1224 1720 1294 large,
1759 1226 1853 1279 and
1882 1228 1994 1296 they
2015 1230 2140 1284 have
2165 1249 2192 1286 a

198 1314 201 1318 '
245 1322 413 1375 power
441 1301 503 1356 of
515 1300 819 1368 contrafflng
845 1299 941 1352 and
954 1298 1157 1367 dilating
1178 1298 1261 1350 the
1287 1312 1422 1366 entry
1443 1303 1548 1353 into
1573 1300 1697 1353 their
1719 1302 1836 1354 nose
1859 1322 1911 1356 as
1933 1304 2045 1372 they
2065 1305 2192 1360 have

245 1377 473 1432 occasio-n
509 1408 576 1415 -—
611 1381 662 1430 in-
694 1376 1036 1446 consequence
1071 1371 1133 1427 of
1161 1372 1286 1426 their
1316 1373 1451 1426 finell
1483 1372 1630 1443 being
1661 1375 1743 1428 the
1773 1379 2011 1448 principal
2038 1400 2187 1435 mean

243 1454 357 1519 they
391 1452 513 1504 have
545 1449 606 1505 of
630 1451 933 1518 discovering
963 1447 1088 1501 their
1111 1445 1260 1511 food‚
1307 1466 1379 1501 we
1403 1466 1512 1515 may
1539 1446 1812 1521 frequently
1835 1451 2037 1506 observe
2060 1455 2187 1509 their

243 1527 469 1596 allowing
501 1526 790 1578 themselves
823 1539 876 1578 to
905 1522 966 1576 be
998 1521 1184 1575 carried
1213 1522 1357 1576 down
1387 1523 1497 1576 with
1521 1523 1603 1576 the
1626 1526 1802 1577 stream
1824 1526 1926 1580 that
1944 1528 2054 1595 they
2072 1549 2184 1598 may

243 1601 418 1655 ascend
429 1604 572 1668 again
590 1599 806 1666 leisurely
819 1600 999 1667 against
1013 1598 1095 1650 the
1109 1612 1306 1650 current
1328 1595 1389 1651 of
1400 1597 1482 1650 the
1498 1614 1654 1651 water.
1687 1600 1833 1653 Thus
1854 1601 1937 1654 the
1959 1603 2182 1659 odorous

239 1674 466 1746 particles
491 1676 763 1742 swimming
786 1678 836 1726 in
858 1672 1202 1732 that‘m-edium
1219 1671 1366 1740 being
1382 1671 1580 1743 applied.
1596 1693 1739 1728 more
1758 1672 1964 1744 forcibly
1985 1692 2037 1732 to
2054 1673 2180 1734 their

237 1749 459 1817 smelling
483 1767 661 1817 organs
680 1748 902 1818 produce
923 1766 947 1800 a
970 1749 1190 1814 stronger
1210 1747 1459 1800 sensation.

241 1875 246 1879 .
387 1823 621 1891 Calorem
645 1841 798 1894 aquae
819 1835 1035 1882 tantum,
1087 1835 1330 1892 quantum
1353 1825 1403 1873 in
1428 1840 1539 1875 aere
1562 1819 1903 1893 quadrupedes
1923 1825 2180 1882 homines-

238 1917 332 1971 que
359 1896 499 1951 facile
529 1897 719 1958 ferunt,
754 1898 906 1966 pisces
927 1895 1024 1947 fine
1047 1913 1224 1962 magna
1248 1915 1380 1950 noxa
1412 1901 1637 1968 vitaeque
1668 1898 1794 1951 adeo
1828 1900 2052 1969 periculo
2073 1923 2178 1958 non

233 1976 478 2029 sustinent.
570 1976 740 2023 Variae
779 1985 943 2023 tamen
983 1971 1169 2022 exstant
1205 1974 1427 2024 virorum
1466 1971 1733 2025 clodiorum
1767 1981 2067 2029 narrationes
2110 1978 2175 2030 de

232 2046 439 2120 piscibus
469 2048 607 2118 aquis
640 2045 808 2098 calidis
840 2042 1196 2105 innatantibus3
1230 2063 1399 2115 percas
1429 2049 1562 2098 enim
1588 2050 1638 2098 in
1668 2046 1847 2114 Libyae
1879 2050 2082 2104 thermis
2101 2056 2178 2105 vi-

233 2124 350 2175 disse
373 2124 565 2175 testatur
585 2117 775 2174 Sclzaw
788 2137 812 2188 ;
848 2124 898 2171 in
921 2119 1108 2172 eodem
1128 2117 1249 2173 orbe
1269 2120 1329 2172 ad
1352 2119 1526 2174 urbem
1546 2118 1693 2174 Cafza
1715 2121 1892 2177 Gallus
1918 2123 2020 2178 Des
2032 2123 2089 2179 F
2086 2143 2173 2179 ow-

226 2196 400 2266 ,tm‘wes
436 2195 650 2249 thermas
690 2194 751 2247 ad
791 2192 1001 2262 gradum
1046 2211 1110 2257 30
1149 2195 1407 2247 mensurae
1453 2200 1854 2251 Reaumurianae
1878 2199 2176 2254 incalescere

228 2270 380 2334 vidit,
443 2268 598 2323 nihilo·
642 2283 809 2321 tamen
859 2272 1022 2322 minus
1059 2268 1217 2338 pisces
1245 2269 1448 2341 quidam
1471 2273 1531 2323 iis
1562 2270 1853 2325 innatabant.
1956 2276 2171 2328 Historia

229 2365 467 2419 aquarum
498 2342 810 2397 mineralium
840 2348 1006 2397 Lucae
1036 2347 1264 2413 cyprinos
1298 2343 1517 2417 loquitur
1551 2344 1768 2399 calorem
1800 2366 2039 2421 aquarum
2064 2351 2169 2404 san-

229 2425 371 2490 guini
409 2419 633 2471 humano
670 2437 840 2488 parem
875 2415 1121 2479 ferentes3
1189 2418 1399 2471 eandem
1439 2437 1546 2472 rem
1586 2423 1814 2474 testantur
1861 2419 1920 2477 V
1919 2421 2171 2487 alisrzieri,

227 2491 463 2564 Conriwg
498 2508 547 2545 et
575 2489 860 2564 Anderson.
953 2496 1185 2563 Denique
1216 2490 1473 2546 Somzerat
1500 2513 1653 2566 aquas
1686 2496 1746 2548 ad
1774 2498 1980 2564 gradum
2013 2500 2167 2571 usque

226 2578 295 2635 ὃς)
320 2569 572 2622 mensurae
594 2570 978 2619 Reaurnurianae
999 2566 1341 2620 incalescentes
1363 2568 1568 2637 piscium
1587 2567 1768 2624 feraces
1789 2573 1924 2626 vidit.
1973 2572 2167 2646 Reliqui

222 2644 482 2713 scriptores
512 2643 788 2694 mensuram
818 2640 995 2694 caloris
1016 2643 1189 2706 justam
1221 2660 1323 2696 non
1359 2642 1566 2695 afferunt
1584 2682 1598 2706 ‚
1669 2662 1750 2698 aut
1778 2647 1921 2717 plane
1952 2648 2164 2711 nullam3

220 2723 406 2788 (genus
426 2722 574 2771 etiam
596 2717 798 2786 piscium
823 2714 1030 2768 obscure
1054 2715 1344 2784 designant.)
1420 2719 1604 2772 Contra
1629 2717 2025 2793 Mztfilzembroek
2054 2742 2163 2792 gra-

223 2794 346 2846 dum
383 2814 393 2838 r
420 2812 472 2843 ιι
502 2792 754 2844 mensurae
784 2789 1213 2843 Fahrenheitianae
1242 2786 1451 2861 piscibus
1477 2791 1670 2847 letalem
1700 2796 1925 2864 putabat3
1959 2817 2160 2868 peream

221 2881 448 2935 vegetam
479 2871 785 2919 minutorum
816 2864 968 2917 horae
999 2884 1018 2927 3
1047 2866 1197 2934 spatio
1228 2866 1465 2935 exspirare
1485 2868 1606 2922 vidit
1624 2874 1674 2922 in
1694 2873 1848 2939 gradu
1868 2872 2043 2927 caloris
2066 2879 2158 2940 96,

222 2948 340 2994 cum
362 2955 500 2993 antea
526 2944 575 2992 in
604 2940 756 3008 gradu
775 2959 838 3002 72
864 2938 989 2991 bene
1012 2939 1262 2993 valuisset.-

370 3015 620 3077 Judicium
643 3015 704 3066 de
726 3014 879 3081 gradu
894 3012 1068 3068 caloris
1089 3013 1436 3087 difficillimum
1447 3014 1608 3069 reddit
1627 3024 1848 3084 varietas,
1870 3038 2019 3095 quam
2036 3026 2155 3078 anni

214 3104 439 3159 tempora
473 3104 520 3141 et
554 3087 708 3142 forma
746 3106 1048 3156 organorum
1080 3090 1400 3159 respirationis
1431 3091 1613 3144 diversa
1643 3097 1864 3150 afferunt.
1949 3102 2155 3169 Experi-

211 3180 376 3219 menta
396 3184 422 3218 a
445 3163 519 3220 Cl.
540 3160 594 3219 B
598 3161 848 3236 rouſjomt
867 3165 1077 3219 instituta
1099 3182 1251 3236 pauca
1274 3165 1394 3220 sunt.
1469 3168 1643 3240 Aquas
1670 3172 1887 3227 fluviales
1908 3175 2148 3242 gradatim

1870 3253 1878 3257 ’
1911 3253 2147 3315 calefecit,
