2571 3775
1038 367 1332 392 ¹·-·····
2020 361 2120 422 263

239 481 370 536 tibus
392 485 440 535 in
460 481 588 551 pede
611 480 803 550 plagam
826 483 1014 548 recipit,
1049 493 1096 532 et
1116 479 1244 532 hanc
1263 494 1514 550 receptam
1534 481 1790 550 diligenter
1812 500 1960 538 curat.
1992 490 2133 539 Haec

245 556 390 611 bestia
416 557 559 610 dorso
582 557 648 607 est
670 552 1078 622 impenetrabilis,
1112 553 1196 606 nifi
1214 551 1340 607 forte
1361 573 1476 606 cum
1498 573 1619 626 aqua
1644 558 1822 609 madet.
1863 565 1954 611 *Ex
1984 560 2132 623 hujus

244 646 358 684 cute
382 630 557 682 bestiae
581 628 739 679 hastae
767 640 1047 688 tornantur,
1088 627 1224 699 quod
1254 627 1392 681 valde
1421 628 1553 697 spiffa
1588 632 1741 694 estut
1770 631 1888 682 dicit
1909 630 2130 686 Plinius.

242 705 403 757 Multa
421 703 495 755 his
515 701 672 753 insunt
692 698 801 752 falsa
820 698 962 769 plane
983 714 1031 753 et
1051 704 1237 771 inepta5
1263 702 1506 773 quaedam
1526 716 1690 756 tamen
1711 723 1773 757 ex
1791 704 1983 757 historia
2004 709 2131 758 Ros-

243 781 364 832 mari
384 775 528 830 nobis
550 772 662 827 dieti
695 775 903 826 immista
928 775 1021 827 effe
1052 775 1272 846 suspicari
1292 778 1436 845 poffit
1455 776 1653 847 aliquis,
1686 777 1772 831 nifi
1794 779 1966 830 eadem
1987 778 2131 848 plane

244 853 307 905 de
328 848 550 921 periculo
570 846 773 900 navibus
791 866 817 900 a
834 846 1000 902 furore
1018 848 1362 920 hippopotami
1382 853 1672 914 imminente
1692 871 1758 919 ex*
1775 855 2028 906 itinerariis
2050 867 2132 906 va-‘

240 929 324 978 riis
356 922 585 977 retuliffet
614 922 806 975 illustris
835 920 1109 993 Buffoqu.
1195 928 1248 975 In
1278 929 1648 993 comparatione
1679 945 1906 988 crurum,
1945 927 2132 997 pedum

240 1013 290 1053 et
315 1001 561 1066 unguium
591 1001 709 1066 (pro
733 995 910 1068 quibus
929 992 1167 1050 Albertus
1185 997 1312 1050 male
1343 997 1515 1051 dentes
1535 999 1741 1068 posuiffe
1770 1000 1987 1065 videtur)
2017 1020 2134 1054 cum

240 1071 530 1134 crocodilo,
571 1090 695 1143 quae
720 1065 925 1123 Alberto
948 1072 1204 1140 imposuit,
1243 1084 1298 1122 ut
1324 1089 1388 1123 ex
1423 1089 1604 1139 genere
1636 1074 2007 1128 crocodilorum
2038 1075 2131 1127 effe

239 1148 656 1217 hippopotamum
691 1143 821 1197 male
849 1145 1061 1206 diceret,
1109 1163 1212 1196 non
1241 1148 1492 1199 immerito
1524 1146 1767 1216 suspiceris
1796 1166 1964 1199 veram
1994 1149 2130 1218 pedis

239 1220 649 1290 ungularumque-
667 1233 889 1272 naturam
916 1218 1242 1289 quadrifidam
1274 1223 1408 1271 utin
1433 1220 1672 1274 crocodili
1702 1221 1908 1291 pedibus
1937 1223 2132 1292 expres-

237 1296 339 1348 sam
363 1294 471 1347 effe.
547 1299 777 1363 Quatuor
798 1295 934 1345 enim
955 1292 1135 1360 digitos
1157 1292 1366 1361 pedibus
1395 1292 1741 1363 hippopotami
1762 1296 1908 1349 ineffe
1931 1301 1999 1349 uti
2020 1316 2131 1350 cro-

240 1368 390 1424 codili
420 1368 581 1439 posuit
603 1373 751 1421 etiam
778 1363 1028 1420 Thevetwt
1046 1370 1095 1419 in
1118 1369 1370 1420 Itinerario
1391 1371 1457 1419 T.
1475 1373 1507 1420 I.
1536 1387 1581 1437 p.
1598 1387 1666 1435 49
1685 1391 1720 1422 r.
1811 1372 2047 1424 Attamen
2077 1388 2130 1423 re

239 1448 332 1514 ipla
354 1443 502 1513 pedes
535 1439 775 1496 crocodili
803 1444 1068 1496 anteriores
1099 1438 1488 1515 quinquefariam
1507 1443 1624 1507 fiffi,
1662 1443 1744 1498 sed
1766 1444 2009 1513 unguibus
2032 1461 2128 1501 tres

239 1518 398 1572 modo
425 1517 569 1584 digiti
592 1520 762 1570 armati
787 1515 906 1569 sunt.

398 1667 570 1737 'Atque
601 1664 724 1717 haec
755 1661 856 1718 fere
894 1664 1000 1718 fiint
1026 1663 1135 1719 loca
1163 1662 1455 1735 scriptorum
1498 1679 1723 1719 veterum
1759 1679 1808 1718 et
1840 1666 1988 1719 medii
2021 1670 2127 1720 aevi

237 1743 434 1803 omnia,
473 1757 598 1811 quae
621 1739 682 1791 de
705 1736 866 1793 forma
896 1754 944 1792 et
966 1755 1134 1792 natura
1159 1739 1500 1810 hippopotami
1532 1742 1750 1801 tradunt3
1783 1759 1997 1811 quorum
2020 1760 2126 1811 par-

236 1828 340 1868 tem
373 1816 696 1885 postremam,
743 1817 982 1886 quoniam
1016 1818 1066 1866 in
1096 1812 1228 1866 libris
1258 1811 1488 1867 conradi
1509 1812 1722 1884 Gesi‘zeri
1751 1830 1799 1867 et
1830 1812 2010 1887 Ulyffis
2033 1812 2127 1868 Al-

237 1886 492 1942 drovmtdi
522 1907 623 1941 non
646 1890 824 1950 exstat,
859 1886 1175 1957 scriptoribus
1195 1886 1303 1958 ipfis
1324 1889 1433 1957 post
1452 1905 1626 1941 eorum
1652 1886 1801 1942 libros
1822 1890 1989 1950 editiS,
2026 1887 2126 1959 pla-

237 1980 300 2014 ne
325 1963 590 2015 omiserunt
610 1975 693 2013 aut
711 1965 996 2030 ignorarunt
1026 1963 1281 2031 scriptores
1304 1962 1528 2015 historiae
1553 1961 1780 2016 naturalis
1813 1967 2126 2017 recentiores.

236 2039 366 2090 Hinc
387 2034 570 2089 factum
592 2037 677 2098 est,
698 2051 751 2089 ut
773 2054 961 2090 errores
981 2033 1255 2094 Herodoti,
1285 2033 1568 2106 Aristotelis
1589 2051 1635 2089 et
1653 2034 1820 2091 Plinii
1841 2035 2025 2110 ubique
2048 2055 2122 2090 re-

236 2123 517 2180 peterentur
543 2124 588 2163 et
609 2112 968 2173 accusarentur,
1003 2114 1317 2164 accuratioris
1335 2128 1455 2164 vero
1475 2114 1674 2163 notitiae
1696 2129 1721 2174 a
1752 2109 1901 2164 Tatio
1925 2111 2121 2165 relidlae

235 2204 389 2238 nemo
408 2184 716 2239 meminisset.
753 2186 924 2256 Atque
947 2185 1073 2238 adeo
1094 2186 1189 2255 ipsa
1201 2179 1473 2246 Her‘bdoti,
1495 2181 1777 2254 Aristotelis
1801 2200 1845 2238 et
1859 2182 2027 2240 Plinii
2047 2185 2121 2239 lo-

224 2277 289 2312 'ca
310 2256 579 2314 Cowradus
605 2255 858 2330 Gesneras
877 2262 1065 2322 noster,
1105 2278 1209 2313 non
1237 2277 1290 2312 ea
1316 2277 1432 2311 cum
1459 2276 1572 2311 cura
1599 2275 1647 2312 et
1670 2263 1831 2312 critica
1856 2260 2121 2328 diligentia,

234 2337 372 2395 cujus
391 2333 533 2386 laude
547 2332 659 2386 alias
676 2331 888 2396 excellit,
914 2334 1102 2386 videtur
1117 2332 1348 2395 tractass'e,
1374 2334 1672 2404 comparasse
1697 2349 1842 2405 atque
1857 2334 2114 2387 illustraffe.

232 2407 396 2463 Multo
417 2412 564 2461 etiam
584 2406 780 2474 longius
803 2406 863 2460 ab
881 2407 974 2461 hac
997 2407 1271 2476 diligentiae
1290 2411 1486 2460 criticae
1506 2407 1649 2461 laude
1670 2408 1800 2462 abest
1819 2405 2120 2473 SBoclmr—

229 2489 315 2536 tus
341 2486 393 2534 in
412 2483 717 2535 Hierozoico
736 2486 788 2533 Π.
818 2500 862 2552 p.
884 2501 991 2546 754
1006 2483 1106 2554 sqq.
1184 2485 1434 2551 Quocirca
1467 2501 1569 2536 non
1601 2487 1784 2535 mirum
1813 2486 1880 2537 cst
1911 2483 2120 2537 candem

230 2555 579 2625 negligentiam
597 2555 811 2625 conspici
831 2558 884 2608 in
906 2567 1084 2609 eorum
1102 2556 1301 2627 scriptiS,
1317 2559 1400 2627 qui
1420 2562 1575 2625 copiis
1597 2555 1810 2629 Gesneri
1829 2563 2006 2628 paratis
2031 2562 2119 2620 uti,

233 2650 381 2704 quam
404 2630 491 2700 ipfi
512 2630 617 2685 loca
649 2631 941 2700 scriptorum
962 2645 1186 2684 veterum
1214 2634 1428 2684 curatius
1457 2633 1689 2701 inspicere
1720 2647 1863 2705 atque
1888 2649 2120 2687 excutere

231 2704 491 2759 malebant.
590 2709 726 2757 Haec
759 2708 1017 2774 praecipue
1048 2704 1110 2757 de
1143 2704 1331 2758 illustris
1360 2702 1581 2776 Bttffmti
1611 2701 1804 2759 historia
1833 2708 2118 2762 animalium

232 2793 332 2833 tam
358 2779 524 2847 gallica
548 2798 696 2852 quam
715 2782 994 2847 germanica
1017 2778 1219 2848 intelligi
1239 2779 1384 2839 volo;
1423 2799 1535 2832 nam
1557 2786 1641 2852 qui
1661 2783 1769 2851 post
1790 2801 1906 2834 eum
1926 2783 2120 2852 scripse:-

158 2911 159 2915 Ἰ
212 2846 232 2876 ‘³
233 2868 370 2915 runt,
407 2873 508 2907 non
529 2873 736 2907 omnem
761 2852 948 2907 belluae
970 2853 1218 2907 historiam
1246 2869 1346 2907 tam
1367 2853 1646 2908 litterariam
1678 2874 1825 2926 quam
1851 2859 2117 2913 naturalem

233 2926 499 2999 complecti
530 2929 607 2982 sed
629 2930 722 2981 vila
754 2928 911 2982 modo
942 2947 967 2981 a
985 2929 1057 2990 se,
1097 2944 1179 2982 aut
1208 2947 1332 3000 quae
1354 2933 1644 2999 comparatis
1671 2934 2005 2984 recentiorum
2031 2953 2117 2987 au-

231 3000 428 3057 uorum
456 3001 580 3057 locis
600 3002 867 3058 observaffe
885 3002 971 3061 fibi
994 3002 1307 3067 videbantur,
1346 3004 1555 3075 prodere
1573 3003 1850 3060 voluerunt.

1845 3158 2109 3231 Postquam
