2571 3775
256 2000 337 2044 No.
365 2010 405 2053 4.

252 2479 335 2524 No.
354 2479 393 2524 6.

450 341 555 381 Me
1247 332 1542 355 ““-“““““““·

450 467 589 512 certo
626 470 688 506 ex
721 447 851 506 iocis
889 445 1039 506 allatis
1080 460 1260 504 ettam
1303 450 1447 503 variis
1480 445 1706 519 epithetis
1735 447 1903 519 colligi
1932 448 2071 521 posse
2112 449 2334 519 videtur,

455 527 709 585 veteribus
741 542 918 583 omnes
938 522 1214 580 mullorum
1233 524 1419 593 species
1443 538 1493 576 et
1514 523 1732 577 barbatas
1754 540 1900 597 atque
1927 522 2176 580 imberbes
2196 525 2337 579 suiffe

449 604 612 677 probe
634 616 801 663 notas,
835 613 1087 672 quotquot
1106 597 1258 652 hodie
1288 601 1338 651 in
1366 615 1557 652 oceano
1581 617 1833 669 europaeo
1855 604 2140 670 reperimus.
2216 605 2338 652 Ver-

451 680 527 734 1¹10
546 679 734 732 zvetusta
756 670 1052 745 Aristotelis
1073 692 1099 728 a
1114 670 1280 729 Gallo>
1294 669 1480 728 Canius
1502 672 1710 744 inspefia
1732 672 1928 742 triglam
1950 678 2173 728 nominat
2215 671 2341 729 Tre-

450 770 615 814 rozam,
658 748 773 805 alibi
799 745 1054 803 Treiliam.
1139 747 1378 800 Posterius
1414 747 1717 806 vocabulum
1745 765 1810 800 ex
1839 747 2016 817 Trigla
2046 763 2337 820 corruptum

454 829 677 887 «videtur,
705 837 765 878 ut
789 824 956 884 secla,
992 822 1055 875 de
1078 839 1180 896 quo
1205 821 1306 873 dixi
1325 819 1445 874 olim
1464 821 1526 873 ad
1548 819 1847 894 Oppianum
1875 839 1923 892 p.
1943 835 2003 885 38
2021 841 2061 884 3.

601 897 792 953 Mullus
819 894 1034 951 ‚latinum
1072 912 1259 949 nomen
1293 894 1424 948 unde
1463 894 1670 949 dudium
1707 894 1784 959 fit,
1829 899 2075 949 incertum
2104 897 2189 949 est.
2265 900 2341 950 Ex

456 992 642 1045 graeco
655 967 828 1047 ,μύλος
847 984 1015 1025 ortum
1029 970 1410 1039 videripoterat3
1449 969 1533 1022 sed
1552 971 1734 1041 piscem
1746 974 1931 1040 graecis
1944 969 2133 1037 mylum
2153 968 2342 1024 diCtum

456 1050 611 1117 alonge
639 1047 889 1103 diversum
919 1044 1013 1098 effe
1042 1044 1215 1099 docuit
1250 1040 1403 1098 Com.
1434 1041 1627 1116 Gesner
1655 1044 1869 1118 Aquatil.
1902 1064 1947 1115 p.
1973 1062 2093 1111 352.
2134 1058 2187 1098 et
2219 1062 2344 1109 729.
2372 1091 2375 1094 .

458 1126 717 1181 Postremo
738 1120 854 1175 loco
875 1119 1158 1175 addendum
1182 1132 1330 1188 puto,
1370 1118 1510 1190 quod
1539 1116 1827 1190 Aristoteles
1857 1122 1920 1171 H.
1944 1120 2008 1172 A.
2033 1124 2093 1172 V.
2122 1135 2205 1183 32.
2252 1116 2346 1172 ob-

457 1200 635 1260 servat,
660 1210 706 1250 et
723 1196 875 1267 pisces
897 1212 925 1247 a
943 1192 1182 1264 pediculis
1202 1193 1295 1245 suis
1313 1197 1503 1255 vexari,
1542 1198 1627 1266 qui
1647 1194 1854 1266 quidem
1871 1213 1973 1248 non
1992 1212 2054 1247 ex
2074 1191 2182 1263 ipfis
2203 1193 2345 1264 pisci-

457 1272 652 1333 busstd
670 1289 736 1324 ex
759 1268 881 1322 limo
904 1282 1224 1337 generentur,
1260 1267 1422 1337 specie
1443 1266 1597 1321 asellis
1622 1267 1922 1322 insediorum
1944 1272 2154 1337 generis,
2189 1267 2344 1321 cauda

456 1361 654 1404 tantum
674 1344 782 1399 lata.
856 1346 1034 1397 Unum
1061 1360 1181 1396 vero
1217 1355 1266 1396 et
1300 1340 1506 1411 fimplex
1538 1344 1605 1397 est
1636 1361 1791 1411 genus
1822 1341 2169 1414 pediculorum
2200 1346 2346 1395 mari-

457 1441 586 1474 num
607 1433 656 1473 et
678 1421 984 1489 reperiuntur
1014 1416 1225 1489 ubique,
1267 1419 1486 1486 inprimis
1504 1429 1669 1470 tamen
1688 1422 1738 1470 in
1759 1416 1936 1471 mullis.
2012 1416 2206 1485 Vulgati
2236 1415 2347 1471 libri

456 1496 693 1567 scriptum
731 1493 815 1546 hic
860 1490 1042 1545 habent
1085 1486 1361 1572 τρώγλοις,
1410 1490 1460 1543 id
1509 1494 1594 1554 est,
1643 1496 1693 1545 in
1734 1496 1951 1545 cavernis
1964 1487 1987 1553 3¹
2037 1491 2120 1544 sed
2164 1490 2348 1544 mullos

461 1572 725 1624 »nominant
750 1581 962 1640 quatuor
994 1566 1210 1625 Codices
1246 1584 1424 1619 omnes
1447 1583 1473 1618 a
1497 1562 1682 1620 Carnus
1714 1565 1945 1630 adhibiti,
1991 1565 2112 1619 liber
2143 1571 2195 1620 Β.
2217 1565 2348 1618 Rhe·-

462 1648 606 1705 nani,
644 1660 795 1715 quem
818 1641 916 1711 ipse
954 1643 1260 1712 comparavi,
1314 1653 1363 1692 et
1392 1654 1533 1694 vetus
1564 1640 1717 1695 ver-fio
1747 1637 1921 1695 trilicis
1948 1639 2113 1693 habet.
2191 1638 2350 1695 Gaza

462 1718 714 1788 :vulgatam
734 1713 998 1770 lediionem
1017 1716 1244 1787 sequitur.
1318 1717 1450 1767 Hinc
1473 1730 1694 1786 apparet,
1727 1716 1858 1768 unde
1880 1714 2086 1770 duc‘tum
2107 1714 2184 1777 fit,
2211 1714 2349 1785 quod

466 1791 750 1847 Athenaeus
770 1791 833 1845 de
859 1788 1106 1844 vermibus
1125 1785 1399 1844 mul-lorum
1416 1804 1642 1845 ventrem
1656 1789 1983 1843 exedentibus
2008 1809 2071 1842 ex
2089 1785 2353 1860 Aristotele

465 1868 676 1922 tradidit.
753 1889 755 1892 ·
1294 1886 1296 1888 ’
1698 1890 1699 1893 “

627 1933 833 2016 Κόραξ,
873 1937 1016 1991 latine
1036 1939 1242 1992 Corvus.
1306 1934 1516 1992 Plinius
1544 1942 1742 1990 XXXII.
1773 1957 1814 1991 c.
1855 1957 1875 1989 t
1895 1959 1933 1990 r.
1995 1941 2218 1991 nominat
2246 1951 2352 1990 tan-

467 2029 578 2070 tum
596 2015 779 2085 piscem
797 2031 1038 2075 corvum,
1078 2026 1130 2064 ut
1163 2008 1334 2083 Celsus
1360 2017 1412 2065 II·.
1443 2023 1522 2071 18.
1563 2017 1738 2072 Locus
1770 2009 2024 2066 Athenaei
2057 2011 2176 2064 nihil
2206 2010 2352 2081 plane

466 2090 633 2164 docet.
710 2083 974 2159 Ausonius
1008 2084 1217 2156 Epistola
1240 2090 1301 2141 X.
1334 2087 1472 2140 versu
1495 2105 1578 2151 40.
1605 2092 1852 2140 marinum
1883 2106 2093 2140 corvum
2126 2105 2230 2140 non
2261 2086 2352 2138 du-

466 2180 690 2220 raturum
706 2164 820 2232 *post
842 2160 954 2214 bina
975 2159 1164 2219 bihoria
1186 2164 1422 2215 nominat.
1498 2161 1653 2231 Apud
1672 2159 2019 2215 Xenocratem
2036 2180 2140 2231 cap.
2162 2182 2176 2212 1
2200 2181 2238 2213 1.
2259 2180 2352 2214 no-

467 2243 684 2295 minatur
715 2242 765 2290 in
790 2234 996 2304 vulgatis
1029 2234 1160 2288 libris
1189 2230 1449 2311 Κόρακος,
1488 2237 1627 2304 piscis
1657 2235 1860 2306 aliquis,
1896 2236 1977 2287 sed
2014 2235 2230 2288 Codices
2258 2238 2354 2287 Re-

473 2319 610 2383 giuS,
649 2316 935 2376 Vaticanus,
970 2310 1326 2375 Vindingianus
1346 2324 1393 2360 et
1414 2310 1589 2364 Rasarii
1612 2312 1880 2386 κορίαέος,
1914 2308 2162 2364 Leidenfis
2184 2303 2358 2386 κόρόιέ

471 2387 656 2441 habent
679 2387 922 2454 scriptum.
999 2387 1149 2451 Igitur
1167 2380 1314 2435 dubia
1338 2387 1507 2435 onmia
1525 2384 1647 2435 sunt.

628 2455 889 2521 Χελὶδών,
928 2456 1170 2519 hirundo,
1205 2456 1402 2532 Ἱέραξ,
1442 2460 1639 2526 poetice
1654 2452 1824 2534 Ἳρηέ,
1868 2460 2123 2528 accipiter,
2161 2456 2354 2511 milvus.

477 2530 774 2605 Aristoteles
806 2537 869 2585 H.
899 2533 963 2585 A.
997 2537 1074 2584 IV.
1107 2551 1153 2597 9.
1197 2531 1412 2584 sonitum
1443 2535 1595 2584 etiam
1624 2532 1778 2585 edunt
1805 2533 2088 2586 hirundines
2120 2536 2355 2595 marinae,

443 2621 449 2637 ·’
475 2629 602 2682 quae
621 2607 851 2663 sublimes
872 2605 1098 2669 volitant,
1133 2605 1514 2676 haudquaquam
1538 2625 1673 2659 mare
1688 2610 1998 2675 attingentes.
2084 2610 2207 2659 Sunt
2220 2611 2356 2665 enim

476 2690 536 2739 -iis
565 2688 742 2755 pinnae
769 2682 892 2739 ,latae
925 2695 973 2733 et
997 2680 1193 2748 longae,
1234 2678 1320 2731 ubi
1354 2679 1482 2732 male
1513 2681 1695 2735 Codex
1724 2686 1776 2734 B.
1799 2677 2038 2736 Rlzenam'
2067 2675 2233 2756 μικροὶ
2261 2698 2357 2749 pro

479 2754 678 2836 μοικρεὲ.
715 2770 764 2812 et
796 2770 961 2812 tamen
990 2749 1186 2808 filberti
1214 2753 1369 2807 versio
1398 2758 1545 2808 etiam
1573 2759 1746 2825 pinnas
1775 2754 1892 2808 latas
1925 2769 1972 2807 et
1998 2772 2168 2824 parvas
2187 2753 2355 2806 habet.

481 2831 718 2888 Aelianus
742 2836 792 2884 Π.
819 2851 863 2894 5.
893 2829 1207 2883 hirundinem
1227 2847 1345 2880 cum
1360 2828 1459 2881 aliis
1478 2834 1729 2892 nominat,
1760 2833 1844 2899 qui
1865 2827 1964 2882 insin
1986 2847 2234 2882 venenum
2253 2828 2359 2881 vul-

485 2912 590 2962 neri
612 2910 907 2967 immittunt,
930 2923 993 2958 ex
1012 2900 1258 2975 Oppiam
1281 2903 1459 2955 scilicet
1477 2909 1530 2955 ΙΙ.
1552 2922 1616 2967 45
1628 2925 1674 2970 9.
1723 2901 1808 2955 ubi
1839 2902 2052 2957 hirundo
2080 2921 2282 2973 praepes
2297 2916 2358 2955 et

483 2984 737 3036 venenatis
757 2979 935 3034 aculeis
957 2993 1138 3034 armata
1159 2977 1311 3030 audit.
1389 2978 1525 3030 Idem
1544 2982 1626 3030 IX.
1653 2998 1673 3039 ς
1689 2994 1732 3029 2.
1764 2978 1915 3047 pisces
1945 2977 2166 3031 volantes
2196 2980 2358 3030 nomi-

487 3071 573 3109 nat
591 3054 888 3117 theuthides,
909 3056 1111 3122 (Sepias
1143 3050 1368 3119 loligines
1386 3054 1555 3118 Linn.)
1594 3054 1847 3122 accipitres
1877 3066 1926 3105 et
1943 3052 2237 3104 hirundines
2256 3067 2361 3102 ma-

481 3134 632 3184 rinas.
704 3128 1008 3182 Hirundines
1023 3125 1283 3182 humiliori
1302 3125 1472 3182 volatu
1492 3144 1642 3199 quam
1661 3125 1931 3188 teuthides,
1966 3129 2220 3196 accipitres
2241 3127 2364 3178 inter

2160 3211 2369 3253 natatio-
