2571 3775
989 331 1280 367 ¹·--·==.·=
1436 359 1438 361 .
1552 295 1562 363 'f
1963 336 2076 384 0¹41,

198 449 277 505 illa
306 451 408 506 duo
436 450 589 519 vulgo
623 446 753 503 nota.
843 441 939 495 Sed
974 442 1295 513 philosophus
1325 447 1475 507 cavit,
1517 461 1579 498 ne
1610 446 1830 500 membra
1858 448 2084 516 genitalia

195 526 397 582 diceret.
507 529 623 575 VIII·
657 540 733 580 13-
762 519 998 588 pastinaca
1030 531 1174 590 atque
1203 536 1380 571 omnes
1408 518 1702 587 cartilaginei
1726 522 1879 589 pisces
1901 526 1953 574 in
1977 523 2082 579 alto·

195 603 412 657 habitant
429 600 564 652 mari.
639 598 721 647 IX.
746 611 826 655 37.
856 593 1096 645 Pastinaca
1118 596 1264 644 etiam
1292 593 1339 644 se
1362 592 1573 646 occultat
1600 597 1651 646 in
1679 597 1832 658 mari,
1859 595 1942 647 sed
1977 615 2081 651 non

191 677 377 730 eodem
399 670 558 725 modo
573 706 589 731 ,
623 682 675 720 ut
701 665 940 737 torped0‚
975 679 1029 718 ut
1051 670 1208 735 capiat
1224 667 1375 735 pisces
1394 681 1821 736 praeternatantes.
1871 665 2082 723 Plinius

189 755 277 804 lx.
304 765 403 816 cap.
427 762 516 810 42⁷
548 743 710 796 nescio
742 758 845 814 quo
878 736 1101 792 auctore:
1146 740 1384 809 pastinaca
1419 740 1730 796 latrocinatur
1767 761 1829 796 ex
1858 741 2082 805 occulto,

191 819 489 879 transeuntes
521 817 697 888 radio,
734 814 872 886 quod
903 812 1057 866 telum
1085 817 1131 866 ei
1161 816 1254 876 est,
1299 816 1469 882 figens.
1584 815 1732 870 Vides
1755 813 1985 870 Plinium
2017 834 2083 869 ex:

189 914 370 966 graeco
391 891 577 947 vertisse
613 894 759 943 etiam
789 888 928 941 illum
951 886 1148 950 locum,
1183 892 1292 959 quia
1315 891 1500 964 κέρκον
1529 889 1721 944 radium
1745 894 2084 961 interpretatus

187 974 285 1033 est,
323 971 412 1041 qui
445 969 642 1038 proprie
666 967 720 1016 in
747 977 849 1016 arte
874 964 1086 1015 textoria
1119 962 1308 1014 dicitur.
1387 966 1506 1014 Sunt
1528 967 1674 1030 igitur
1701 961 1840 1018 batus
1866 980 1915 1017 et
1937 967 2082 1034 pasti.

187 1062 311 1100 naca
342 1042 480 1095 radio
521 1036 723 1109 uterque
760 1041 949 1090 armati.
1061 1037 1278 1102 Pessime}
1299 1038 1445 1102 igitur
1480 1033 1638 1091 Gaza
1677 1056 1861 1091 vocem
1898 1063 2081 1115 χερχο,

184 1114 337 1197 φόροι
362 1132 491 1187 quae
518 1111 728 1167 caudam
759 1108 943 1165 habent
978 1112 1319 1178 interpretatus
1351 1112 1442 1171 est,
1497 1127 1712 1183 eumque
1751 1113 1941 1165 secutus
1974 1131 2080 1166 non

185 1192 384 1246 dociior
406 1188 576 1242 Gallus
597 1183 809 1251 Camm7
842 1187 926 1255 qui
950 1181 1220 1235 mirabatur
1252 1181 1337 1236 teli
1358 1184 1577 1252 nuspiam
1604 1184 1664 1237 ab
1685 1183 1944 1256 Aristotele
1971 1187 2079 1239 fieri

185 1269 511 1321 mentionem.
548 1263 621 1314 At
650 1279 743 1313 nec
762 1259 858 1328 ipse
879 1255 1031 1311 Com.
1051 1254 1332 1327 (ἕρψεως,
1372 1273 1521 1327 quam
1540 1276 1751 1326 magnus
1769 1263 1868 1321 vir,
1904 1263 2081 1313 vitium

186 1341 424 1395 verfionisv
451 1334 811 1390 animadvertit!
851 1333 1128 1386 Postremus
1150 1327 1432 1400 Aristotelis
1466 1329 1606 1385 locus
1635 1335 1701 1386 est
1721 1338 1799 1387 VI.
1829 1352 1906 1386 10.
1937 1338 2081 1387 carti-

182 1414 362 1483 iaginei
391 1413 544 1483 pisces
567 1415 674 1463 viva
697 1406 919 1462 animalia
939 1408 1158 1475 pariunt,
1195 1407 1258 1457 ita
1279 1418 1445 1457 tamen
1476 1419 1532 1458 ut
1550 1411 1718 1459 ovain
1743 1421 1886 1461 utero
1909 1408 2079 1461 exclu-

185 1489 302 1542 dant
330 1501 378 1540 et
402 1489 640 1546 nutriant,
676 1501 789 1537 rana
812 1484 994 1535 marina
1016 1493 1233 1549 excepta.
1306 1481 1401 1532 Pro
1421 1483 1527 1533 ovis
1549 1481 1799 1534 caniculae
1829 1477 2078 1549 (σκόλια)

179 1577 234 1618 et
263 1561 448 1615 batides
484 1560 566 1612 seu
595 1557 692 1610 bati
721 1554 969 1611 foeminae
1002 1556 1206 1608 testacea
1247 1571 1455 1624 corpora
1488 1569 1692 1621 gerunt,
1741 1554 1920 1626 quibus
1948 1576 2076 1610 ovo-

179 1657 294 1691 rum
324 1635 508 1688 humor
548 1634 698 1693 inest3
739 1633 968 1683 testarum
1010 1626 1169 1681 forma
1203 1644 1319 1680 cum
1360 1626 1591 1681 tibiarum
1622 1627 1781 1697 ligulis
1820 1634 2075 1694 convenit,

180 1725 427 1784 praeterea
459 1707 555 1760 illis
569 1706 730 1758 insunt
760 1704 837 1756 fila
868 1701 1138 1772 capillacea.
1249 1700 1595 1754 Canicularum
1624 1706 1798 1770 igitur,
1837 1722 1965 1776 quos
1995 1703 2078 1758 ali}

178 1787 241 1840 ab
260 1781 584 1838 hinnulorum
611 1779 816 1832 maculis
837 1775 1145 1830 hinnularios
1168 1774 1436 1845 appellant,
1470 1778 1586 1829 testa
1608 1795 1723 1830 cum
1747 1778 1956 1849 disrupta
1986 1797 2074 1832 ex-

178 1861 381 1921 ciderit,
417 1856 675 1910 nascuntur
705 1851 852 1923 pulli3
903 1850 1126 1904 batidum
1155 1868 1276 1902 vero
1304 1851 1449 1902 testae
1486 1865 1627 1905 utero
1655 1851 1874 1906 exclusae
1905 1852 2072 1923 pullos

177 1937 412 1988 emittunt
431 1931 684 1999 disruptae.
711 1955 778 1968 --
851 1924 1045 1996 Reliqui
1076 1922 1201 1992 galei
1227 1921 1418 1977 foetum
1451 1929 1683 1979 emittunt
1711 1941 1858 2000 atque
1884 1931 2069 1985 iterum

176 2014 229 2063 in
258 2008 305 2060 se
336 2008 609 2074 recipiunt,
651 2005 796 2054 etiam
823 2000 1035 2072 squatina
1075 2012 1125 2051 et
1152 1997 1391 2068 torpedo;
1444 2002 1592 2051 etiam
1624 2002 1716 2053 visa
1755 2004 1822 2056 est
1852 2003 2068 2072 torpedo

176 2081 375 2151 grandis
408 2096 533 2150 quae
560 2079 750 2128 circiter
777 2087 857 2133 80.
887 2072 1118 2139 embryos
1144 2085 1286 2125 utero
1318 2071 1527 2126 inclusos
1559 2074 1781 2142 gerebat3
1820 2075 1949 2129 solus
1979 2095 2068 2145 ga..

174 2158 373 2210 {eorum
393 2151 639 2205 acanthias
658 2168 761 2202 non
782 2151 953 2217 recipit
973 2144 1191 2209 foetum,
1230 2161 1429 2217 propter
1449 2148 1661 2218 fpi-nam3
1700 2166 1761 2201 ex
1785 2148 1938 2219 planis
1957 2169 2067 2206 non

174 2232 418 2300 recipiunt
444 2225 583 2278 batus
608 2237 655 2276 et
674 2224 915 2292 pastinaca
934 2235 1134 2292 propter
1155 2221 1273 2273 radii
1306 2221 1628 2291 asperitatem.
1702 2222 1806 2276 Ubi
1825 2219 2064 2279 Albertus

173 2304 361 2360 batides
383 2302 526 2354 vertit
545 2293 797 2369 matydes,
829 2297 1122 2366 pastinacam
1147 2301 1383 2364 taff-agen,
1415 2313 1587 2366 quem,
1607 2297 1791 2352 addens
1821 2317 1913 2351 nos
1931 2303 2062 2353 nim-

172 2380 296 2433 bum
316 2389 556 2430 vocamus
588 2369 771 2439 (voluit
793 2368 1091 2436 rhombum)
1123 2382 1172 2421 et
1200 2367 1364 2432 batus,
1406 2387 1554 2441 quem
1581 2390 1673 2425 nos
1695 2391 1930 2426 vocamus
1956 2375 2059 2444 pas-

163 2449 339 2509 serem.
398 2446 589 2516 Inepte!
619 2441 827 2499 Plinius
846 2447 927 2498 IX.
960 2463 1003 2496 c,
1024 2455 1108 2508 48.
1138 2443 1303 2496 radius
1321 2444 1463 2513 super
1481 2446 1687 2499 caudam
1711 2450 1934 2501 eminens
1958 2463 2060 2516 try..

169 2531 345 2599 gonis,
385 2540 536 2596 quam·
557 2520 704 2573 nostri
733 2520 1024 2589 pastinacam
1044 2516 1312 2588 appellant,
1348 2519 1675 2590 quincunciali
1705 2523 2056 2590 magnitudine.

167 2604 306 2657 Idem
344 2616 448 2669 cap.
463 2613 546 2660 24.
567 2593 650 2646 ubi
673 2611 735 2646 ex
752 2591 1053 2663 philosopho
1073 2590 1410 2660 cartilagineos
1432 2608 1689 2649 enumerat
1706 2596 1873 2665 pisces,
1902 2600 2055 2665 rajam

166 2678 507 2748 interpretatur
524 2664 713 2738 βάτον,
806 2667 942 2720 Idem
963 2670 1161 2720 XXXII.
1193 2685 1293 2737 cap.
1323 2687 1364 2728 ς.
1399 2667 1493 2721 cibi
1526 2671 1661 2722 causa
1693 2671 1879 2724 extrahi
1906 2670 2054 2725 debet

165 2772 194 2806 e
218 2752 364 2806 dorso
397 2750 528 2814 ejus,
576 2741 818 2816 quidquid>
843 2739 996 2796 fimile
1024 2743 1091 2794 est
1120 2759 1300 2805 croco,
1343 2757 1585 2816 caputque
1616 2759 1801 2799 totum:
1845 2761 1893 2799 et
1923 2746 2052 2799 hane

165 2838 331 2880 autem
357 2836 404 2876 et
423 2823 591 2875 omnia
621 2818 825 2870 testacea
856 2816 1056 2870 modice
1087 2814 1238 2869 collui
1266 2820 1315 2869 in
1344 2816 1496 2879 cibis,
1545 2824 1654 2890 quia
1687 2820 1870 2889 saporis
1897 2824 2049 2888 gratia

163 2903 303 2973 perit.
376 2895 512 2949 Idem
533 2892 722 2947 ibidem
755 2909 859 2961 Cap0
888 2911 929 2948 τ.
956 2904 1126 2944 eontra
1159 2893 1450 2961 pastinacam
1475 2892 1687 2946 mullum
1719 2893 1936 2947 auxiliari
1965 2898 2049 2958 ait,

163 2973 304 3047 quod
336 2987 501 3024 errore
529 2968 590 3020 ad
617 2965 929 3037 torpedinem
957 2963 1239 3018 transtuliffe
1274 2965 1462 3018 videtur
1477 2963 1763 3021 Alexander
1792 2967 2044 3038 Aphrodi-

157 3046 330 3112 fienfis‚
425 3042 548 3096 Vide
574 3043 711 3111 supra
741 3045 792 3094 in
817 3039 993 3093 Mullo:
1070 3037 1345 3112 Oppianus
1368 3044 1398 3091 I.
1430 3057 1541 3105 ¹03·
1574 3044 1624 3093 in
1656 3041 1791 3095 vadis
1821 3041 2045 3099 coenofis

157 3127 303 3200 maris
332 3121 512 3191 degere
540 3118 667 3173 canit
691 3113 908 3191 bandes,
958 3114 1110 3175 boves
1125 3113 1491 3250 Spraegrandes²
1540 3117 1833 3188 pastinacam
1859 3130 1914 3245 {t
1940 3131 2042 3171 tor-

1200 3207 1226 3256 3
1792 3209 1855 3264 pe
1891 3209 2039 3254 mem,
