2571 3775
992 344 1286 366 ........
1973 346 2083 403 Μ

194 463 480 536 refrigerant
509 484 596 539 per
618 463 899 525 branchias,
936 474 1146 533 quarum
1167 458 1311 513 fitum
1332 464 1624 517 cum'corde
1645 480 1982 520 connexarum
2003 472 2079 523 in·

193 543 377 611 spicere
401 555 599 613 oportet
626 544 675 592 in
707 540 1014 598 Anatomiis‚
1075 535 1399 606 contemplari
1431 555 1550 590 vero
1579 545 1848 594 accuratius
1878 540 1991 595 licet
2024 547 2078 599 in

191 618 419 670 Historia.
495 617 789 667 Summatim
817 627 983 665 tamen
1013 625 1066 663 ut
1099 610 1290 671 dicam3
1328 630 1416 664 cor
1434 613 1643 681 piscium
1668 612 1747 666 etfi
1771 614 1907 666 aliter
1926 634 2077 685 quam

192 694 245 743 in
262 687 562 761 pedestribus
585 686 877 740 animalibus
898 684 1041 741 fitum
1063 685 1158 739 effe
1180 685 1400 747 videtur,
1440 686 1658 740 eundem
1687 702 1852 741 tamen
1878 687 2072 741 obtinet

189 764 332 836 plane
352 762 506 816 fitum.
585 766 767 831 rQam
801 765 935 815 enim
973 765 1024 813 in
1054 775 1242 830 partem
1274 776 1416 831 caput
1441 760 1669 824 inclinat,
1720 762 1900 816 eodem
1930 766 2078 816 etiam

192 858 280 893 cor
304 837 580 908 propendet
599 855 856 891 mucrone.
942 838 1096 904 Igitur
1113 833 1323 905 piscibus
1344 855 1433 889 cor
1456 837 1516 888 ad
1537 856 1594 891 os
1621 855 1916 890 mucronem
1939 836 2077 890 incli-

189 927 360 966 natum
380 911 557 973 habet,
605 912 744 964 aliter
766 930 916 983 quam
933 914 981 963 in
1005 907 1320 980 pedestribus.
1404 914 1478 962 Ex
1507 913 1703 964 summo
1734 912 1884 966 corde
1919 912 2076 965 tendit

190 985 370 1039 canalis
392 988 474 1039 seu
504 985 655 1038 fistula
686 981 903 1055 (aalma)
946 1004 1009 1038 ex
1043 1003 1198 1038 venae
1243 988 1480 1056 nervique
1512 1000 1679 1038 natura
1712 990 1978 1056 permixta,
2013 985 2073 1038 ad

188 1061 441 1123 medium,
477 1079 570 1133 qua
597 1059 857 1112 branchiae
878 1077 1054 1113 omnes
1074 1056 1435 1112 connedluntur
1472 1074 1522 1112 et
1542 1074 1739 1113 coeunt.
1815 1064 1914 1112 H-ic
1933 1078 2076 1112 cana-

186 1134 248 1188 lis
281 1140 527 1188 maximus
561 1137 654 1195 est3
723 1135 803 1187 sed
824 1149 1072 1204 praeterea
1111 1151 1174 1185 ex
1204 1133 1358 1186 corde
1395 1136 1625 1206 utrinque
1668 1132 1748 1186 alii
1782 1134 1991 1188 tendunt
2022 1138 2075 1188 in

184 1209 428 1262 sumniam
452 1208 746 1278 iingularum
766 1207 1112 1261 branchiarum
1134 1221 1340 1277 partem,
1374 1226 1464 1277 per
1487 1227 1616 1280 quos
1637 1206 1938 1276 refrigeratio
1961 1226 2075 1278 pero

187 1281 340 1336 fertur
373 1284 435 1336 ad
482 1304 598 1347 cor,
646 1302 767 1354 aqua
802 1281 1053 1336 branchias
1093 1282 1280 1352 semper
1315 1281 1584 1352 perluente.
1631 1282 2076 1355 (διαυλωμίῴμτος

104 1374 107 1378 ’
184 1355 269 1416 ἀεὶ
298 1362 365 1416 τὲ
395 1356 425 1417 ὕ
455 1384 586 1427 arog·
614 1356 699 1416 διὰ),
734 1362 836 1417 τῶν
871 1360 1201 1435 βραγχίων),
1312 1359 1405 1409 Uti
1434 1356 1736 1426 pedestribUS
1766 1357 1887 1409 dun]
1907 1376 2075 1410 ael‘enl

186 1432 411 1501 inspirant
433 1449 578 1505 atque
601 1431 875 1504 exspii·a'11t‚‘
910 1432 1086 1484 thorax
1116 1431 1300 1484 sursum
1337 1431 1666 1503 deorsumque
1697 1447 1957 1495 movetur,
2006 1436 2074 1484 ita

186 1506 395 1577 piscibus
432 1506 691 1560 branchiae
729 1516 873 1576 (cum
915 1504 1190 1576 operculis)
1235 1505 1356 1558 dum
1389 1523 1568 1577 aquam
1619 1524 1707 1559 ore
1745 1510 1985 1576 recipiunt
2025 1518 2074 1558 et

185 1580 430 1634 branchiis
451 1587 692 1635 emittunt.
770 1580 998 1633 Similiter
1024 1585 1096 1633 uti
1116 1580 1351 1650 pedestria
1366 1579 1590 1632 animalia
1612 1583 1661 1631 in
1682 1597 1844 1650 pauco
1868 1582 2075 1634 eodem-

183 1673 282 1726 que
302 1673 440 1718 aere,
478 1661 540 1708 ita
561 1659 715 1725 pisces
734 1659 784 1708 in
811 1655 985 1708 eadem
1008 1669 1056 1708 et
1075 1659 1250 1723 exigua
1271 1672 1394 1725 aqua
1415 1651 1558 1706 facile
1581 1655 1894 1708 suffocantur.
1972 1658 2076 1707 De-

182 1732 334 1800 nique
357 1730 443 1782 ubi
464 1729 539 1782 vel
565 1730 747 1783 morbo
767 1729 843 1782 vel
865 1728 1111 1782 seneffiute
1130 1743 1301 1782 motus
1323 1729 1621 1800 pulmonum
1652 1743 1700 1782 et
1727 1728 2075 1785 branchiarum

181 1803 351 1866 ceffat,
380 1806 536 1857 statim
556 1822 693 1858 mors
715 1803 1046 1876 consequitur.

327 1919 402 1966 Ex
423 1913 499 1967 his
520 1913 718 1966 duobus
739 1912 864 1966 locis
884 1915 1011 1965 inter
1034 1912 1081 1965 se
1105 1916 1400 1981 comparatis
1420 1911 1732 1980 intelligitur,
1774 1927 1939 1967 aortae
1970 1911 2076 1965 bul-

185 1983 306 2038 bum
329 1987 522 2048 album,
561 1987 792 2049 crassum,
830 1991 1062 2058 intusque
1095 1984 1229 2038 fibris
1250 1990 1438 2039 carneis
1459 1987 1711 2056 asperum,
1752 1987 1952 2055 intelligi
1982 2007 2074 2040 no-

184 2064 320 2113 mine
341 2062 524 2115 fistulae
545 2062 736 2123 craffae,
775 2060 927 2122 albae,
966 2062 1105 2126 cujus
1130 2074 1297 2112 natura
1321 2059 1376 2113 fit
1399 2064 1524 2112 inter
1547 2079 1725 2113 venam
1751 2062 1832 2114 seu
1850 2066 2073 2115 arteriam

183 2152 233 2187 er
251 2155 459 2190 nervum
480 2138 562 2189 seu
582 2135 861 2189 musculum
883 2136 1058 2187 media.
1136 2138 1282 2202 Qros
1303 2134 1518 2188 secundo
1540 2134 1655 2189 loco
1674 2140 1900 2188 nominat
1929 2154 2072 2188 cana-

185 2208 281 2271 lc3‚
322 2229 384 2264 ex
412 2211 564 2265 corde
594 2215 821 2282 utrinque
839 2209 899 2262 ad
919 2207 1173 2261 branchias
1205 2208 1492 2271 tendenteS‚
1532 2227 1747 2280 quorum
1779 2229 1876 2280 ope
1906 2211 2070 2264 cordis

183 2283 373 2352 sanguis
399 2284 736 2354 refrigeretur,
776 2284 961 2336 clarum
986 2285 1054 2335 est
1073 2282 1275 2350 intelligi
1294 2301 1443 2336 venas
1471 2301 1533 2336 ex
1562 2282 1808 2337 branchiis
1830 2285 1890 2336 ad
1914 2284 2069 2338 finum

182 2361 421 2412 veuosum
451 2360 614 2413 corclis
635 2360 897 2412 redeuntes
912 2397 925 2418 ‚
951 2357 1013 2410 de
1034 2354 1212 2429 quibus
1224 2357 1339 2410 vide
1361 2372 1532 2410 notam
1553 2358 1614 2409 ad
1634 2355 1910 2412 Momvztm
1923 2379 1967 2430 p.
1995 2378 2070 2411 12.

185 2434 366 2487 Corclis
396 2434 538 2488 fitum
572 2452 634 2487 ex
667 2429 938 2499 Aristotele
970 2430 1180 2484 breviter
1211 2433 1440 2501 expreffit
1482 2428 1689 2485 Plinius
1715 2438 1795 2486 XI.
1826 2433 1948 2487 Sec‘h
1985 2441 2070 2498 69.

183 2524 272 2560 cor
299 2507 588 2561 animalibus
623 2511 795 2561 ceteris
829 2511 877 2560 in
911 2506 1082 2559 medio
1110 2504 1310 2575 pecs'tore
1348 2508 1415 2558 est
1427 2526 1442 2566 3
1503 2503 1696 2559 homini
1729 2522 1919 2561 tantum
1950 2506 2071 2561 infra

180 2579 368 2635 laevam
390 2582 616 2653 papillam
634 2581 883 2636 turbinato
915 2599 1157 2634 mucrone
1189 2585 1239 2633 in
1275 2583 1437 2651 priora
1459 2584 1697 2634 eminens.
1765 2581 1975 2637 Piscibus
1995 2584 2072 2637 so-

177 2653 236 2709 lis
261 2657 322 2710 ad
346 2677 403 2712 os
424 2655 618 2728 spediat.

329 2766 685 2821 Branchiarum
727 2764 898 2827 situm,
946 2762 1159 2819 formam
1189 2779 1237 2818 et
1275 2782 1543 2817 numerum
1573 2769 1844 2819 accuratius
1899 2766 2070 2820 definit

176 2842 240 2892 H.
266 2841 328 2892 A.
363 2848 415 2895 11.
453 2863 528 2901 12.
568 2843 725 2895 Pisces
753 2840 1026 2911 peculiares
1059 2839 1240 2894 habent
1261 2839 1345 2893 fibi
1369 2838 1623 2892 branchias
1656 2859 1710 2893 ea
1740 2845 1790 2892 in
1815 2857 1950 2910 parte
1982 2840 2069 2894 tbi

178 2933 356 2986 aquam
377 2936 464 2971 ore
499 2932 746 2986 receptam
777 2920 1020 2968 emittunt.
1130 2914 1351 2983 Qiidam
1393 2914 1638 2982 operculis
1673 2913 1821 2967 testas
1855 2914 2065 2977 habent3

176 2990 471 3059 cartilaginei
493 3006 660 3044 contra
687 3010 864 3044 omnes
886 2987 1113 3042 detecffas.
1202 2993 1303 3057 Qu
1327 2986 1476 3040 tefias
1497 2987 1704 3049 habent,
1740 2993 1796 3041 iis
1820 2989 1931 3042 lirae
1954 2990 2064 3043 finit

172 3065 223 3115 in
254 3063 400 3118 latere
447 3065 705 3137 obliquae3
767 3084 829 3117 ex
869 3063 1187 3131 cartilagineis
1226 3063 1378 3134 plani,
1447 3061 1595 3114 veluti
1630 3064 1840 3132 torpedo
1879 3078 1927 3117 et
1963 3067 2060 3123 raia

166 3137 374 3209 (rubus)
404 3146 452 3195 in
475 3156 608 3213 parte
631 3141 798 3213 supina
829 3140 1020 3210 (versus
1046 3145 1297 3209 ventrem)
1328 3136 1582 3191 branchias
1604 3135 1709 3192 ficas
1726 3137 1924 3200 habent,
1965 3139 2057 3191 ob-

1916 3212 2054 3283 loizgl'
