2571 3775
997 336 1313 379 ’·“·“““····
1992 357 2098 413 255

221 467 341 523 loco
378 469 502 524 olim
539 489 728 537 nomen
758 470 910 523 lutrae
938 468 1164 540 aliquod,
1213 484 1296 523 ant
1320 469 1440 524 alius
1472 476 1680 543 aquatici
1703 474 1921 528 animalis
1946 474 2096 545 pilosi,

221 547 315 597 Vix
336 558 500 597 tamen
523 562 701 614 operae
729 546 797 597 est
813 541 979 597 Plinii
1004 547 1156 596 errori
1188 548 1272 596 uni
1293 546 1659 598 excusationem
1680 566 1940 617 quaerere,
1979 568 2097 603 cum

220 617 448 672 millenos
468 617 586 671 alios
609 617 669 669 ab
693 618 794 688 ipio
815 616 1017 672 audiore
1041 616 1293 688 profeRos
1324 620 1552 673 confiteri
1571 620 1758 674 neceffe
1774 620 1852 674 fit!

367 734 478 786 Post
495 728 664 786 Plinii
683 748 892 787 aetatem
914 751 1040 806 quae
1060 732 1360 788 tradiderunt
1379 736 1632 804 scriptores
1654 749 1842 789 veteres
1867 740 2026 804 graeci
2053 751 2104 790 et

220 806 355 860 latini
373 810 550 876 partim
571 812 774 876 repetita
794 810 905 860 sunt
927 827 989 861 ex
1009 806 1369 880 antiquioribus
1393 807 1693 871 auc‘lori‘bus,
1723 809 1873 863 multa
1895 829 2016 864 vero
2038 830 2102 864 ex
2142 855 2144 857 .

219 879 540 947 religionibus
566 883 926 952 Aegyptiorum
948 894 996 935 et
1016 886 1158 935 variis
1178 881 1655 952 hieroglyphicarum
1669 881 1936 936 litterarum
1954 878 2104 938 inter-

219 955 592 1025 pretationibus,
632 956 842 1028 denique
861 953 928 1008 'ex
952 954 1112 1010 studio
1133 959 1337 1009 immani
1355 959 1582 1023 mysticae
1607 956 1892 1026 theologiae
1908 960 2102 1013 fluxiffe

220 1029 463 1088 videntur,
547 1034 703 1082 Pauca
727 1030 885 1084 modo
905 1035 1114 1085 veritatis
1142 1033 1342 1098 vestigia
1372 1033 1423 1081 in
1443 1029 1628 1083 horum
1654 1032 1951 1102 'scriptorum
1972 1038 2103 1086 noti-

217 1106 296 1155 tiis
318 1103 540 1173 impresl'a
559 1109 641 1156 vix
663 1104 813 1157 hodie
834 1106 1096 1172 agnoscere
1119 1103 1244 1157 licet.
1319 1109 1385 1155 Ita
1417 1104 1555 1175 quod
1586 1105 1730 1157 tradit
1759 1102 2008 1159 Aelianus
2038 1108 2113 1159 de‘

218 1180 280 1229 N.
299 1179 362 1229 A.
386 1183 483 1229 VH.
516 1198 593 1244 19.
650 1197 767 1231 cum
794 1175 1081 1232 Plutarcho
1117 1178 1178 1230 de
1208 1177 1410 1232 Solertia
1445 1177 1729 1231 animalium
1758 1199 1804 1249 p.
1830 1186 1952 1244 962.
1992 1179 2103 1250 hip-

217 1264 550 1321 popotamum
582 1256 754 1306 anatis
784 1253 945 1305 occidi
965 1250 1169 1313 adultis,
1216 1266 1268 1304 ut
1299 1266 1508 1304 matr-em
1537 1255 1723 1316 ineant,
1758 1249 2120 1325 Porphyrius*

218 1329 366 1377 etiam
387 1324 449 1378 de
467 1325 773 1379 Abstinentia
801 1325 927 1380 libro
952 1330 1095 1381 tertio
1116 1329 1324 1396 repetiit.
1440 1330 1607 1393 Qam
1639 1327 1842 1398 quidem
1875 1326 2103 1380 observa-

217 1402 410 1453 tionem
434 1418 608 1454 vereor
626 1414 678 1452 ut
704 1419 919 1472 unquam
949 1399 1183 1454 homines
1204 1397 1377 1452 curiofi
1398 1403 1447 1451 in
1466 1399 1564 1452 fera
1586 1404 1789 1454 immani
1813 1417 1862 1454 et
1882 1400 2104 1462 libertate
2141 1426 2145 1432 ·

217 1474 300 1527 sua
345 1472 540 1528 fruente
573 1473 703 1527 redte
735 1493 908 1545 capere
947 1478 1197 1545 potuerint
1209 1494 1225 1536 3
1292 1488 1460 1528 contra
1495 1492 1556 1526 ex
1589 1475 1901 1528 sacerd-otum
1929 1474 2101 1529 fabulis
2142 1530 2143 1533 ,

214 1550 637 1617 Aegyptiacorum
665 1563 712 1601 et
736 1548 1213 1619 interpretationibus
1236 1563 1682 1602 monumentorum
1704 1548 2101 1618 hieroglyphico-

216 1641 331 1674 run}
360 1637 584 1675 veterum
616 1637 777 1676 ortam
810 1625 903 1677 effe
939 1624 1161 1693 suspicor.
1249 1627 1567 1675 Immanitatis
1594 1626 1729 1675 enim
1760 1637 1811 1675 et
1840 1623 2115 1677 violentiae.

215 1711 564 1763 argumentum
583 1712 630 1749 et
654 1696 844 1764 fignum
866 1696 1173 1750 manifestum
1195 1696 1416 1766 reperisse
1438 1695 1521 1750 fibi
1542 1695 1827 1749 videbantur
1851 1702 1901 1749 in
1923 1697 2102 1768 hippo·
2122 1717 2125 1720 ·

214 1785 423 1840 potamo
452 1773 711 1840 Aegyptii3
763 1772 979 1842 ideoque
1001 1776 1051 1824 in
1071 1773 1268 1840 sceptris
1299 1774 1442 1838 regiis
1464 1774 1707 1824 ciconiam
1736 1770 1953 1841 sculpere
1977 1772 2103 1825 [ole-

218 1844 336 1897 bant
354 1848 403 1896 in
423 1845 646 1908 summo,
686 1844 1101 1917 hippopotamum
1130 1860 1296 1898 autem
1328 1848 1378 1897 in
1401 1846 1602 1908 infimo,
1644 1847 1747 1917 quo
1777 1846 2115 1914 significarent>

214 1920 420 1985 justitiae
440 1919 725 1972 violentiam
738 1938 907 1989 parere
928 1919 1136 1982 debere,
1163 1920 1383 1972 tradente
1399 1924 1602 1991 antiquo
1622 1919 1882 1973 Scholiaste
1894 1917 2097 1989 Aristo-

204 1989 406 2065 plumis
427 1993 488 2045 ad
509 1995 644 2046 Aves
665 1995 801 2047 versu
832 2013 851 2044 1
868 2013 890 2057 3
907 2014 924 2055 5
939 2000 985 2047 6.
1007 2008 1054 2047 et
1079 2013 1141 2046 ex
1162 2012 1224 2046 eo
1237 1991 1402 2047 Stridet
1419 1992 1502 2045 sub
1523 2013 1649 2046 voce
1671 1994 2097 2074 εἰμτιπελοιργᾱν,

221 2072 300 2120 De
321 2070 573 2137 Aegyptiis
589 2067 773 2120 scilicet
793 2066 987 2137 regibus
1010 2071 1331 2139 interpretor,
1377 2068 1514 2138 quod
1543 2067 1620 2120 ille
1641 2068 1702 2120 de
1726 2071 1871 2136 regiis
1898 2069 2105 2137 sceptris*

217 2140 500 2210 {impliciter
528 2142 697 2202 tradit3
746 2147 808 2196 ita
842 2147 974 2195 enim
1009 2143 1175 2195 suadet
1210 2161 1313 2195 non
1352 2141 1510 2195 solum
1541 2146 1698 2210 gentis
1729 2146 1862 2197 istius
1894 2161 2006 2196 mos
2048 2155 2098 2195 et

219 2234 361 2268 amor
385 2213 752 2282 symbolorum,
797 2236 973 2270 verum
994 2219 1092 2286 ipsa
1113 2217 1454 2287 hippopotami
1474 2220 1626 2287 patria
1651 2230 1698 2270 et
1718 2231 1886 2270 natura
1905 2214 2098 2287 praeter

214 2292 489 2360 Aegyptios
512 2290 613 2343 aliis
634 2289 921 2345 hominibus
946 2295 1025 2344 vix
1050 2295 1139 2345 rite
1159 2295 1371 2361 cognita.

366 2396 668 2470 Panfimias
693 2397 909 2455 Aeliano
931 2402 1102 2472 suppar
1121 2416 1276 2456 aetate
1307 2404 1492 2471 graecis
1514 2399 1751 2465 historiis,
1792 2419 1910 2474 quas
1941 2398 2001 2454 ab
2033 2418 2098 2453 eo

216 2471 412 2542 scriptas
432 2473 670 2529 habemus
684 2513 698 2537 ‚
729 2493 883 2543 pauca
904 2491 1094 2529 tantum
1116 2479 1311 2529 inseruit
1329 2477 1391 2529 de
1414 2495 1545 2548 equo
1567 2475 1810 2539 fluviatili,
1846 2493 1969 2551 quae
1992 2474 2097 2528 col-

217 2545 338 2600 leffla
362 2548 440 2599 hic
458 2567 657 2618 ponam.
735 2553 787 2600 In
814 2549 1122 2603 Meffeniacis
1148 2555 1295 2619 igitur
1318 2550 1417 2603 Nili
1443 2569 1600 2622 equos
1630 2550 1915 2604 hominibus
1939 2568 2098 2621 aeque

217 2620 377 2676 malos
397 2636 445 2674 et
465 2626 672 2676 nocivos
697 2622 791 2677 effe
810 2622 955 2677 refert
975 2643 1031 2677 ac
1053 2625 1353 2679 crocodilos.
1386 2644 1432 2694 p.
1455 2631 1571 2689 364.
1648 2625 1801 2677 Simul
1824 2629 1968 2678 etiam
1983 2643 2097 2677 mo-⁴

253 2710 299 2748 et
322 2700 371 2748 in
391 2696 513 2749 Indo
530 2700 684 2751 fluvio
708 2697 1125 2769 hippopotamum
1147 2719 1248 2754 non
1276 2702 1489 2768 reperiri.
1566 2698 1701 2752 Alibi
1723 2700 2097 2769 hippopotamis

217 2784 266 2822 et
298 2774 427 2840 apris
457 2771 626 2825 dentes
661 2773 874 2826 exsertos
904 2771 1189 2827 inferiorem
1231 2772 1479 2827 maxillam
1520 2771 1740 2843 proferre
1783 2773 1847 2826 ait
1888 2793 1933 2843 p.
1963 2792 2090 2837 403.

214 2847 442 2915 Denique
463 2850 633 2900 matris
655 2847 996 2914 Dindymenae
1028 2847 1337 2901 fimulacrum
1358 2847 1486 2916 apud
1507 2847 1860 2901 Proconnefios
1885 2865 2092 2899 aureum

212 2915 347 2970 fuisse
373 2916 544 2982 refert,
586 2924 722 2987 cujus
748 2920 893 2975 facies
926 2942 1017 2993 pro
1051 2922 1200 2977 ebore
1223 2921 1367 2975 fuerit
1384 2919 1507 2973 facta
1539 2940 1566 2974 e
1586 2920 1813 2975 dentibus
1845 2938 2090 2992 equorum

211 2992 520 3046 fluviatilium
536 3031 550 3055 ,
588 2999 637 3046 in
659 2997 912 3049 Arcadicis
945 3017 990 3067 p.
1015 3006 1136 3062 694.
1221 2996 1708 3066 Hippopotamorum
1729 3000 1860 3048 coria
1886 2994 1967 3048 etfi
1991 2992 2112 3047 sola*

213 3085 331 3119 cum
352 3066 500 3120 ebore
532 3081 580 3120 et
598 3068 972 3124 rhinocerotum
1001 3070 1234 3125 cornibus
1267 3070 1326 3124 ab
1353 3069 1689 3138 Aethiopibus
1728 3071 1787 3122 ad
1808 3074 2090 3139 emporium

207 3140 534 3197 Adulitanum
558 3143 731 3199 delata
754 3150 869 3200 etin
889 3150 1151 3202 Graeciam
1165 3147 1310 3208 inde,
1359 3144 1528 3200 Asiam
1557 3159 1606 3199 et
1633 3147 2091 3217 imperium-roma-

1968 3240 2094 3275 num
