2571 3775
1249 387 1314 396 -
2000 357 2103 428 245

383 474 480 538 W
472 477 731 554 alafridus
758 468 982 532 Strabus
1018 473 1097 529 vel
1126 469 1350 537 Strabo,
1408 473 1591 527 Rabani
1630 477 1789 528 Mauri
1825 474 2106 545 discipulus,

228 554 407 608 Seculo
427 558 505 607 IX.
533 557 746 606 carmina
766 549 968 621 scripfit,
1007 553 1057 602 in
1081 547 1258 621 quibus
1283 551 1433 601 etiam
1459 549 1610 618 pisces
1632 553 1855 601 nominat
1887 550 2107 604 vocabu-

227 629 285 683 lis
319 628 589 699 peregrinis
617 628 770 696 saepe.
861 629 938 677 Sic
970 622 1190 697 ascomm
1224 637 1272 676 et
1303 621 1425 676 alios
1449 621 1670 693 appellat.

396 731 653 789 Theodori
669 734 852 787 medici
875 737 1030 804 capita
1051 734 1112 787 de
1135 738 1306 787 Diaeta
1337 735 1523 786 exstant
1552 734 1601 784 in
1619 731 1834 784 editione
1854 730 2107 799 Argento-

229 807 397 865 ratenfi
429 829 446 860 1
464 827 580 872 533.
603 828 720 861 cum
739 804 1081 879 Hildegardi,
1121 803 1356 877 Oribasto
1385 822 1435 860 et
1463 802 1777 879 Aesculapi&
1879 805 2107 860 Eundem

225 903 343 938 cum
378 880 640 936 Theodoro
673 880 974 950 Priscimw,
1030 886 1301 953 imperante
1333 885 1572 934 Gratiano
1604 895 1654 932 et
1685 878 2022 933 Valentiniano
2049 884 2104 932 Π.

225 960 470 1030 quivixit,
510 955 623 1009 facit
639 954 907 1026 Reimssus.
983 961 1035 1009 In
1057 955 1345 1011 Volatilibus
1370 974 1470 1025 cap.
1490 960 1590 1008 VII.
1611 957 1830 1024 paricem
1852 972 1944 1023 pro
1966 972 2107 1023 pam,

224 1031 424 1100 gallinas
458 1033 654 1084 rusticas
691 1045 740 1082 et
766 1033 954 1085 anseres
973 1030 1139 1093 fimul,
1196 1045 1251 1083 ut
1276 1029 1583 1082 humidiores
1611 1046 1752 1088 aveS‚
1794 1042 1843 1080 et
1876 1026 2108 1082 butiones

222 1108 328 1176 post
373 1119 564 1167 anates,
619 1104 902 1158 circiculam
943 1119 992 1157 et
1041 1103 1241 1157 fulicam
1284 1107 1517 1157 nominat.
1636 1106 1901 1156 Butionem
1952 1098 2106 1154 Conr.

222 1177 443 1251 (ἕψων
477 1183 525 1231 in
556 1182 789 1233 Carmine
823 1179 886 1231 de
915 1177 1184 1232 Philomela
1221 1177 1484 1232 butaurum
1512 1176 1710 1229 ardeam
1748 1180 2105 1245 interpretatur.

223 1256 385 1323 Caput
404 1257 521 1305 V111.
547 1254 697 1322 pisces
727 1252 1214 1323 nominatpulpum,
1254 1254 1463 1322 sepiam,
1515 1255 1737 1312 tinnum,
1785 1248 2021 1317 mugilam
2054 1262 2106 1302 et

222 1326 421 1389 foliam,
461 1327 743 1390 sardiniam,
779 1326 1038 1396 higynum,
1074 1345 1320 1390 acernam,
1353 1327 1578 1380 scaurum
1600 1339 1648 1378 et
1670 1324 1997 1395 torpedinem.
2051 1325 2055 1329 '

374 1418 426 1476 T
420 1418 774 1491 lzeophrastm,
808 1420 1022 1484 Erefius,
1060 1421 1341 1476 Aristotelis
1368 1420 1640 1491 discipulus.
1714 1421 1875 1485 Hujus
1894 1422 1943 1471 in
1967 1416 2103 1470 libel-

219 1493 275 1547 lis
298 1492 361 1546 de
386 1495 593 1565 piscibus
623 1499 671 1548 in
703 1494 832 1549 ficco
866 1495 1173 1559 viventibus,
1229 1496 1291 1548 de
1314 1496 1571 1566 praesagiis
1591 1495 1935 1564 tempestatum
1956 1506 2103 1564 atque

218 1567 322 1621 aliis
342 1570 491 1638 pisces
513 1568 672 1622 obiter
690 1573 1010 1624 nominantur
1033 1569 1189 1624 multi.
1228 1592 1236 1601 ·
1300 1574 1438 1625 Bona
1465 1587 1678 1640 operum
1699 1571 1929 1621 omnium
1950 1567 2103 1620 editio

217 1641 509 1696 desideratur
543 1642 696 1697 valde.

371 1732 791 1809 Theophylatffu5‚
831 1735 1139 1800 Simoenta,
1172 1741 1322 1808 patria
1342 1738 1595 1791 Locrensis
1609 1776 1623 1800 ,
1660 1736 1837 1790 Seculo
1859 1740 1956 1789 VII.
2016 1737 2103 1789 Li-

216 1809 399 1864 bellum
420 1815 570 1864 etiam
593 1810 795 1865 brevem
816 1814 1177 1882 Quaestionum
1200 1813 1492 1865 naturalium
1515 1812 1709 1866 aliunde
1733 1810 2027 1881 compilavit.

376 1901 592 1960 Trebius
610 1903 807 1977 Niger.
867 1911 1017 1958 Hunc
1048 1907 1110 1958 de
1133 1906 1399 1959 echeneide
1420 1905 1627 1961 Plinius
1646 1912 1725 1960 IX.
1763 1926 1800 1959 c.
1817 1924 1899 1962 Ως.
1931 1904 1991 1958 de
2013 1923 2103 1975 po-

217 1979 332 2051 lypo
354 1999 393 2032 c.
420 1998 499 2043 30.
535 1978 623 2032 ubi
644 1985 699 2033 L.
719 1979 942 2043 Luculli,
978 1980 1281 2051 proconsulis
1302 1984 1551 2044 Baeticae,
1588 2000 1759 2035 comes
1781 1995 1981 2034 vocatur
1992 1998 2006 2040 3
2039 1979 2103 2030 de

216 2059 446 2126 picorum
466 2054 594 2109 nidis
614 2059 674 2108 X.
696 2073 737 2106 c.
760 2074 776 2106 1
793 2067 848 2117 83
879 2055 941 2107 de
961 2054 1224 2122 milvagine
1241 2057 1390 2124 pisce,
1412 2055 1595 2123 gladio,
1617 2070 1665 2108 et
1685 2054 1882 2123 loligine
1903 2057 2100 2108 XXXII.

219 2147 321 2200 cap.
345 2147 389 2181 2.
424 2128 600 2188 laudat.
676 2128 890 2197 Qialem
917 2131 958 2183 is
984 2127 1162 2181 librum
1183 2129 1440 2198 scripserit,
1473 2134 1772 2199 ignoramus.

371 2220 424 2277 T
418 2239 582 2293 rogus
612 2219 921 2294 PompejuS‚
966 2223 1167 2287 Gallus,
1221 2225 1435 2293 Augusti
1469 2244 1595 2279 aevo
1625 2228 1770 2287 vixit,
1820 2238 1868 2278 et
1908 2236 2098 2294 praeter

219 2298 531 2350 historiarum
559 2295 939 2368 Philippicarum
967 2297 1118 2352 libros
1164 2317 1250 2361 44.
1305 2318 1518 2370 quorum
1551 2305 1812 2370 Epitomen
1843 2316 1867 2351 a
1903 2296 2096 2367 *Iudllz'wo
2172 2297 2177 2300 ’

218 2369 395 2424 fac‘iam
414 2370 681 2434 habemus,
720 2371 783 2425 de
804 2371 1090 2426 animalibus
1112 2376 1259 2425 etiam
1275 2372 1477 2444 scripsit,
1517 2393 1643 2446 quos
1663 2373 1812 2427 libros
1840 2368 2097 2440 Clwriſsus

219 2449 565 2513 grammaticus
585 2444 760 2499 laudat.
836 2447 980 2514 Qae
1000 2444 1211 2501 Plinius
1236 2465 1299 2500 ex
1316 2466 1380 2501 eo
1405 2448 1566 2502 retulit
1585 2454 1678 2502 Vll.
1704 2467 1744 2501 c.
1776 2467 1817 2511 3.
1864 2452 1919 2499 X.
1943 2465 1983 2498 c.
2016 2465 2035 2502 τ
2051 2463 2094 2509 3.

218 2523 302 2573 XI.
330 2538 369 2571 c.
408 2537 488 2585 39.
515 2534 564 2572 et
609 2536 689 2572 52.
755 2534 967 2587 arguunt
1014 2524 1469 2590 interpretationem
1511 2522 1754 2578 librorum
1792 2516 2097 2591 Aristotelis.

218 2597 448 2664 Denique
482 2589 691 2647 Plinius
717 2597 893 2646 XX'Xl.
934 2612 1035 2664 cap.
1074 2594 1275 2649 ultimo:
1333 2599 1566 2665 Trogus,
1605 2601 1789 2669 inquit,
1831 2595 2002 2648 audior
2031 2595 2098 2646 est

217 2671 345 2720 circa
368 2670 569 2734 Lyciam
600 2665 856 2737 penicillos
885 2668 1196 2723 mollissimos
1218 2672 1349 2723 nasci
1378 2675 1428 2723 in
1451 2671 1575 2733 alto,
1633 2672 1765 2724 unde
1796 2669 1979 2723 ablatae
2009 2666 2096 2720 fint

215 2743 460 2812 spongiae.
536 2746 679 2810 Qae
701 2741 915 2795 traduc‘ia
938 2743 1163 2797 videntur
1185 2762 1247 2797 ex
1273 2742 1549 2815 Aristotelis
1564 2750 1627 2798 H.
1646 2748 1708 2799 Α.
1727 2752 1784 2799 V.
1816 2765 1832 2796 ι
1847 2752 1894 2797 6.
1925 2739 2020 2802 5022)
2041 2740 2097 2802 δὲ

217 2816 527 2896 κ’ποῤῥοιγῇ,
567 2811 770 2893 φύεται]
802 2812 969 2877 πάλιν
997 2823 1059 2877 ἐκ
1097 2822 1165 2878 τὲ
1192 2819 1522 2884 κατειλοίπᾰξ,
1569 2818 1658 2897 NJ?
1699 2819 2088 2896 οὲναπληρέταᾳ.

216 2892 416 2970 μέγιςοι
445 2888 542 2963 μὲν
570 2893 629 2949 ἓν
659 2892 700 2965 ὁ(
729 2886 882 2964 μαινόι
911 2888 1000 2968 γρᾷ
1024 2893 1225 2957 πλεῖςοι
1249 2891 1369 2970 περὶ
1400 2890 1496 2969 τήν
1527 2900 1738 2954 Λυκίαν.

378 2994 637 3070 Tryphon.
672 3003 744 3051 Ex
755 2999 900 3066 hujus
921 3000 1045 3055 libro
1066 3002 1127 3055 de
1140 3002 1430 3055 animalibus
1440 3003 1682 3074 quaedam
1701 3004 1761 3055 de
1782 3000 1918 3070 trigla
1932 2999 2090 3053 retulit

212 3068 494 3125 Athenaeus
520 3078 613 3124 Vll.
638 3092 682 3141 p.
713 3092 827 3138 3⁹4·
857 3079 904 3127 F.
989 3076 1125 3128 Idem
1145 3075 1362 3139 sortasse,
1401 3095 1463 3129 ex
1484 3081 1622 3139 cuius
1644 3078 1857 3131 secundo
1879 3076 2003 3130 libro
2024 3079 2088 3130 de

210 3145 486 3217 plantarum
515 3146 710 3202 historia
739 3145 954 3206 fabulam
986 3150 1048 3205 de
1076 3154 1479 3206 transmutatione
1508 3153 1590 3208 fici
1620 3171 1681 3206 ex
1710 3156 1902 3222 gigante
1932 3157 2086 3217 Syoea

1184 3224 1278 3279 Hh
1323 3245 1349 3292 3
1943 3241 2087 3296 tradit
