<?xml version="1.0" encoding="UTF-8"?>
<!DOCTYPE html PUBLIC "-//W3C//DTD XHTML 1.0 Transitional//EN"
    "http://www.w3.org/TR/xhtml1/DTD/xhtml1-transitional.dtd">
<html xmlns="http://www.w3.org/1999/xhtml" xml:lang="en" lang="en">
 <head>
  <title>
</title>
<meta http-equiv="Content-Type" content="text/html;charset=utf-8" />
  <meta name='ocr-system' content='tesseract 3.04.00' />
  <meta name='ocr-capabilities' content='ocr_page ocr_carea ocr_par ocr_line ocrx_word'/>
</head>
<body>
  <div class='ocr_page' id='page_1' title='image "./synonymiapiscium00arte_0270.png"; bbox 0 0 2571 3775; ppageno 0'>
   <div class='ocr_carea' id='block_1_1' title="bbox 437 364 1528 424">
    <p class='ocr_par' dir='ltr' id='par_1_1' title="bbox 437 364 1528 424">
     <span class='ocr_line' id='line_1_1' title="bbox 437 364 1528 424; baseline -0.009 -14"><span class='ocrx_word' id='word_1_1' title='bbox 437 368 541 424; x_wconf 70' lang='lat'>258</span> <span class='ocrx_word' id='word_1_2' title='bbox 1236 364 1528 404; x_wconf 73' lang='lat'><em>-,-.—-···-·=</em></span> 
     </span>
    </p>
   </div>
   <div class='ocr_carea' id='block_1_2' title="bbox 714 478 1994 683">
    <p class='ocr_par' dir='ltr' id='par_1_2' title="bbox 714 478 1994 683">
     <span class='ocr_line' id='line_1_2' title="bbox 715 478 1994 543; baseline -0.005 -16"><span class='ocrx_word' id='word_1_3' title='bbox 715 483 931 540; x_wconf 59' lang='lat' dir='ltr'>Speuavi,</span> <span class='ocrx_word' id='word_1_4' title='bbox 959 483 1130 543; x_wconf 46' lang='lat' dir='ltr'>inquit,</span> <span class='ocrx_word' id='word_1_5' title='bbox 1145 482 1300 525; x_wconf 84' lang='lat' dir='ltr'>vitulos</span> <span class='ocrx_word' id='word_1_6' title='bbox 1318 512 1330 531; x_wconf 94' lang='lat'><strong>‚</strong></span> <span class='ocrx_word' id='word_1_7' title='bbox 1362 490 1405 524; x_wconf 86' lang='lat' dir='ltr'>et</span> <span class='ocrx_word' id='word_1_8' title='bbox 1424 494 1628 536; x_wconf 83' lang='lat' dir='ltr'>equorum</span> <span class='ocrx_word' id='word_1_9' title='bbox 1647 481 1817 521; x_wconf 83' lang='lat' dir='ltr'>nomine</span> <span class='ocrx_word' id='word_1_10' title='bbox 1837 478 1994 524; x_wconf 60' lang='lat' dir='ltr'>dietum</span> 
     </span>
     <span class='ocr_line' id='line_1_3' title="bbox 714 553 1880 610; baseline -0.005 -10"><span class='ocrx_word' id='word_1_11' title='bbox 714 556 799 601; x_wconf 88' lang='lat' dir='ltr'>Sed</span> <span class='ocrx_word' id='word_1_12' title='bbox 827 558 1012 599; x_wconf 86' lang='lat' dir='ltr'>deforme</span> <span class='ocrx_word' id='word_1_13' title='bbox 1041 568 1189 610; x_wconf 88' lang='lat' dir='ltr'>pecus,</span> <span class='ocrx_word' id='word_1_14' title='bbox 1223 556 1335 610; x_wconf 86' lang='lat' dir='ltr'>quod</span> <span class='ocrx_word' id='word_1_15' title='bbox 1364 555 1407 596; x_wconf 89' lang='lat' dir='ltr'>in</span> <span class='ocrx_word' id='word_1_16' title='bbox 1437 555 1511 595; x_wconf 89' lang='lat' dir='ltr'>illo</span> <span class='ocrx_word' id='word_1_17' title='bbox 1541 553 1718 595; x_wconf 78' lang='lat' dir='ltr'>nascitur</span> <span class='ocrx_word' id='word_1_18' title='bbox 1746 567 1880 601; x_wconf 82' lang='lat' dir='ltr'>amne,</span> 
     </span>
     <span class='ocr_line' id='line_1_4' title="bbox 716 627 1740 683; baseline -0.005 -12"><span class='ocrx_word' id='word_1_19' title='bbox 716 630 802 679; x_wconf 84' lang='lat' dir='ltr'>Qui</span> <span class='ocrx_word' id='word_1_20' title='bbox 827 630 910 671; x_wconf 85' lang='lat' dir='ltr'>sata</span> <span class='ocrx_word' id='word_1_21' title='bbox 938 630 1120 683; x_wconf 85' lang='lat' dir='ltr'>riparum</span> <span class='ocrx_word' id='word_1_22' title='bbox 1146 627 1412 669; x_wconf 81' lang='lat' dir='ltr'>vernantibus</span> <span class='ocrx_word' id='word_1_23' title='bbox 1442 627 1589 679; x_wconf 83' lang='lat' dir='ltr'>irrigat</span> <span class='ocrx_word' id='word_1_24' title='bbox 1608 627 1740 667; x_wconf 87' lang='lat' dir='ltr'>undis.</span> 
     </span>
    </p>
   </div>
   <div class='ocr_carea' id='block_1_3' title="bbox 437 710 2390 1977">
    <p class='ocr_par' dir='ltr' id='par_1_3' title="bbox 437 710 2390 1977">
     <span class='ocr_line' id='line_1_5' title="bbox 601 710 2330 787; baseline -0.005 -15"><span class='ocrx_word' id='word_1_25' title='bbox 601 718 741 772; x_wconf 89' lang='lat' dir='ltr'>Plura</span> <span class='ocrx_word' id='word_1_26' title='bbox 775 719 857 774; x_wconf 89' lang='lat' dir='ltr'>etfi</span> <span class='ocrx_word' id='word_1_27' title='bbox 884 720 1156 772; x_wconf 88' lang='lat' dir='ltr'>testimonia</span> <span class='ocrx_word' id='word_1_28' title='bbox 1183 718 1475 787; x_wconf 87' lang='lat' dir='ltr'>scriptorum</span> <span class='ocrx_word' id='word_1_29' title='bbox 1497 716 1646 771; x_wconf 88' lang='lat' dir='ltr'>hodie</span> <span class='ocrx_word' id='word_1_30' title='bbox 1667 735 1770 770; x_wconf 92' lang='lat' dir='ltr'>non</span> <span class='ocrx_word' id='word_1_31' title='bbox 1792 716 2003 776; x_wconf 84' lang='lat' dir='ltr'>exstant,</span> <span class='ocrx_word' id='word_1_32' title='bbox 2050 710 2130 766; x_wconf 85' lang='lat' dir='ltr'>vel</span> <span class='ocrx_word' id='word_1_33' title='bbox 2167 728 2222 765; x_wconf 89' lang='lat' dir='ltr'>ea</span> <span class='ocrx_word' id='word_1_34' title='bbox 2256 725 2330 764; x_wconf 79' lang='lat' dir='ltr'>ta-</span> 
     </span>
     <span class='ocr_line' id='line_1_6' title="bbox 440 785 2328 866; baseline -0.005 -19"><span class='ocrx_word' id='word_1_35' title='bbox 440 810 559 847; x_wconf 88' lang='lat' dir='ltr'>men</span> <span class='ocrx_word' id='word_1_36' title='bbox 582 794 702 863; x_wconf 82' lang='lat' dir='ltr'>ipsa,</span> <span class='ocrx_word' id='word_1_37' title='bbox 739 812 864 866; x_wconf 87' lang='lat' dir='ltr'>quae</span> <span class='ocrx_word' id='word_1_38' title='bbox 884 793 1049 863; x_wconf 87' lang='lat' dir='ltr'>posui,</span> <span class='ocrx_word' id='word_1_39' title='bbox 1092 792 1198 844; x_wconf 76' lang='lat' dir='ltr'>latis</span> <span class='ocrx_word' id='word_1_40' title='bbox 1234 791 1592 853; x_wconf 86' lang='lat' dir='ltr'>demonstrant,</span> <span class='ocrx_word' id='word_1_41' title='bbox 1640 809 1791 861; x_wconf 89' lang='lat' dir='ltr'>quam</span> <span class='ocrx_word' id='word_1_42' title='bbox 1826 790 2013 843; x_wconf 88' lang='lat' dir='ltr'>curiose</span> <span class='ocrx_word' id='word_1_43' title='bbox 2038 805 2194 855; x_wconf 82' lang='lat' dir='ltr'>genus</span> <span class='ocrx_word' id='word_1_44' title='bbox 2227 785 2328 838; x_wconf 86' lang='lat' dir='ltr'>hoc</span> 
     </span>
     <span class='ocr_line' id='line_1_7' title="bbox 442 861 2390 935; baseline -0.005 -16"><span class='ocrx_word' id='word_1_45' title='bbox 442 864 715 920; x_wconf 82' lang='lat' dir='ltr'><strong>belluarum</strong></span> <span class='ocrx_word' id='word_1_46' title='bbox 747 868 808 920; x_wconf 91' lang='lat' dir='ltr'>ad</span> <span class='ocrx_word' id='word_1_47' title='bbox 827 867 972 920; x_wconf 89' lang='lat' dir='ltr'>ludos</span> <span class='ocrx_word' id='word_1_48' title='bbox 995 871 1045 919; x_wconf 91' lang='lat' dir='ltr'>in</span> <span class='ocrx_word' id='word_1_49' title='bbox 1069 869 1202 918; x_wconf 88' lang='lat' dir='ltr'>circo</span> <span class='ocrx_word' id='word_1_50' title='bbox 1224 883 1434 918; x_wconf 85' lang='lat' dir='ltr'>romano</span> <span class='ocrx_word' id='word_1_51' title='bbox 1458 863 1599 918; x_wconf 85' lang='lat' dir='ltr'>fuerit</span> <span class='ocrx_word' id='word_1_52' title='bbox 1627 861 1969 935; x_wconf 78' lang='lat' dir='ltr'>conquisitum.</span> <span class='ocrx_word' id='word_1_53' title='bbox 2044 861 2198 914; x_wconf 83' lang='lat' dir='ltr'><strong>Unde</strong></span> <span class='ocrx_word' id='word_1_54' title='bbox 2222 878 2327 912; x_wconf 89' lang='lat' dir='ltr'>non</span> <span class='ocrx_word' id='word_1_55' title='bbox 2383 917 2390 923; x_wconf 41' lang='grc'><strong><em>,</em></strong></span> 
     </span>
     <span class='ocr_line' id='line_1_8' title="bbox 437 938 2329 1007; baseline -0.005 -12"><span class='ocrx_word' id='word_1_56' title='bbox 437 943 627 995; x_wconf 86' lang='lat' dir='ltr'>mirum</span> <span class='ocrx_word' id='word_1_57' title='bbox 650 942 876 994; x_wconf 90' lang='lat' dir='ltr'>accidere</span> <span class='ocrx_word' id='word_1_58' title='bbox 908 939 1052 995; x_wconf 88' lang='lat' dir='ltr'>nobis</span> <span class='ocrx_word' id='word_1_59' title='bbox 1075 939 1247 1002; x_wconf 84' lang='lat' dir='ltr'>debet,</span> <span class='ocrx_word' id='word_1_60' title='bbox 1296 938 1329 992; x_wconf 91' lang='lat' dir='ltr'>fi</span> <span class='ocrx_word' id='word_1_61' title='bbox 1358 939 1420 992; x_wconf 90' lang='lat' dir='ltr'>de</span> <span class='ocrx_word' id='word_1_62' title='bbox 1452 943 1641 991; x_wconf 86' lang='lat' dir='ltr'>raritate</span> <span class='ocrx_word' id='word_1_63' title='bbox 1678 941 1781 1003; x_wconf 86' lang='lat' dir='ltr'>ejus</span> <span class='ocrx_word' id='word_1_64' title='bbox 1814 938 1894 988; x_wconf 86' lang='lat' dir='ltr'>sua</span> <span class='ocrx_word' id='word_1_65' title='bbox 1926 950 2080 988; x_wconf 85' lang='lat' dir='ltr'>aetate</span> <span class='ocrx_word' id='word_1_66' title='bbox 2108 952 2329 1007; x_wconf 86' lang='lat' dir='ltr'>conque-</span> 
     </span>
     <span class='ocr_line' id='line_1_9' title="bbox 439 1009 2328 1080; baseline -0.006 -10"><span class='ocrx_word' id='word_1_67' title='bbox 439 1016 539 1070; x_wconf 78' lang='lat' dir='ltr'>stus</span> <span class='ocrx_word' id='word_1_68' title='bbox 561 1018 628 1069; x_wconf 89' lang='lat' dir='ltr'>est</span> <span class='ocrx_word' id='word_1_69' title='bbox 656 1013 973 1070; x_wconf 71' lang='lat' dir='ltr'>Ammianus,</span> <span class='ocrx_word' id='word_1_70' title='bbox 1048 1014 1186 1067; x_wconf 87' lang='lat' dir='ltr'>Idem</span> <span class='ocrx_word' id='word_1_71' title='bbox 1213 1016 1348 1066; x_wconf 88' lang='lat' dir='ltr'>enim</span> <span class='ocrx_word' id='word_1_72' title='bbox 1367 1012 1489 1066; x_wconf 89' lang='lat' dir='ltr'>olim</span> <span class='ocrx_word' id='word_1_73' title='bbox 1509 1017 1558 1065; x_wconf 88' lang='lat' dir='ltr'>in</span> <span class='ocrx_word' id='word_1_74' title='bbox 1583 1010 1833 1074; x_wconf 80' lang='lat' dir='ltr'>leonibu8‚</span> <span class='ocrx_word' id='word_1_75' title='bbox 1873 1009 2221 1080; x_wconf 80' lang='lat' dir='ltr'>pantherisque</span> <span class='ocrx_word' id='word_1_76' title='bbox 2246 1026 2328 1059; x_wconf 83' lang='lat' dir='ltr'>ac-</span> 
     </span>
     <span class='ocr_line' id='line_1_10' title="bbox 441 1084 2327 1161; baseline -0.005 -20"><span class='ocrx_word' id='word_1_77' title='bbox 441 1088 608 1142; x_wconf 86' lang='lat' dir='ltr'>cidiffe</span> <span class='ocrx_word' id='word_1_78' title='bbox 641 1095 949 1161; x_wconf 82' lang='lat' dir='ltr'>accepimus,</span> <span class='ocrx_word' id='word_1_79' title='bbox 983 1088 1070 1142; x_wconf 88' lang='lat' dir='ltr'>has</span> <span class='ocrx_word' id='word_1_80' title='bbox 1106 1091 1241 1140; x_wconf 88' lang='lat' dir='ltr'>enim</span> <span class='ocrx_word' id='word_1_81' title='bbox 1269 1085 1392 1140; x_wconf 84' lang='lat' dir='ltr'>seras</span> <span class='ocrx_word' id='word_1_82' title='bbox 1425 1087 1608 1140; x_wconf 73' lang='lat' dir='ltr'>curiosa</span> <span class='ocrx_word' id='word_1_83' title='bbox 1642 1089 1787 1138; x_wconf 88' lang='lat' dir='ltr'>nimis</span> <span class='ocrx_word' id='word_1_84' title='bbox 1817 1102 2141 1137; x_wconf 86' lang='lat' dir='ltr'>romanorum</span> <span class='ocrx_word' id='word_1_85' title='bbox 2171 1084 2327 1148; x_wconf 82' lang='lat' dir='ltr'>magi-</span> 
     </span>
     <span class='ocr_line' id='line_1_11' title="bbox 440 1157 2347 1232; baseline -0.005 -14"><span class='ocrx_word' id='word_1_86' title='bbox 440 1164 678 1218; x_wconf 76' lang='lat' dir='ltr'>stratuum</span> <span class='ocrx_word' id='word_1_87' title='bbox 710 1167 1014 1232; x_wconf 86' lang='lat' dir='ltr'>investigatio</span> <span class='ocrx_word' id='word_1_88' title='bbox 1048 1181 1110 1214; x_wconf 80' lang='lat' dir='ltr'>ex</span> <span class='ocrx_word' id='word_1_89' title='bbox 1141 1176 1242 1215; x_wconf 90' lang='lat' dir='ltr'>tota</span> <span class='ocrx_word' id='word_1_90' title='bbox 1271 1159 1370 1213; x_wconf 90' lang='lat' dir='ltr'>fere</span> <span class='ocrx_word' id='word_1_91' title='bbox 1405 1160 1518 1215; x_wconf 78' lang='lat' dir='ltr'>Afia</span> <span class='ocrx_word' id='word_1_92' title='bbox 1549 1164 1744 1213; x_wconf 89' lang='lat' dir='ltr'>minore</span> <span class='ocrx_word' id='word_1_93' title='bbox 1770 1157 1964 1226; x_wconf 76' lang='lat' dir='ltr'>fugatos</span> <span class='ocrx_word' id='word_1_94' title='bbox 1993 1161 2043 1209; x_wconf 89' lang='lat' dir='ltr'>in</span> <span class='ocrx_word' id='word_1_95' title='bbox 2070 1159 2347 1216; x_wconf 77' lang='lat' dir='ltr'>interiores</span> 
     </span>
     <span class='ocr_line' id='line_1_12' title="bbox 442 1231 2328 1310; baseline -0.004 -20"><span class='ocrx_word' id='word_1_96' title='bbox 442 1235 586 1290; x_wconf 83' lang='lat' dir='ltr'>Afiae</span> <span class='ocrx_word' id='word_1_97' title='bbox 599 1238 862 1310; x_wconf 86' lang='lat' dir='ltr'>Indiaeque</span> <span class='ocrx_word' id='word_1_98' title='bbox 882 1252 1041 1308; x_wconf 88' lang='lat' dir='ltr'>partes</span> <span class='ocrx_word' id='word_1_99' title='bbox 1053 1235 1310 1290; x_wconf 87' lang='lat' dir='ltr'>abscedere</span> <span class='ocrx_word' id='word_1_100' title='bbox 1332 1235 1653 1306; x_wconf 77' lang='lat' dir='ltr'>compulerat.</span> <span class='ocrx_word' id='word_1_101' title='bbox 1696 1232 1865 1302; x_wconf 74' lang='lat' dir='ltr'>Quid?</span> <span class='ocrx_word' id='word_1_102' title='bbox 1906 1231 2040 1304; x_wconf 89' lang='lat' dir='ltr'>quod</span> <span class='ocrx_word' id='word_1_103' title='bbox 2055 1236 2328 1301; x_wconf 86' lang='lat' dir='ltr'>imperante</span> 
     </span>
     <span class='ocr_line' id='line_1_13' title="bbox 442 1302 2329 1382; baseline -0.005 -18"><span class='ocrx_word' id='word_1_104' title='bbox 442 1310 633 1366; x_wconf 81' lang='lat' dir='ltr'>Iuliano</span> <span class='ocrx_word' id='word_1_105' title='bbox 653 1316 751 1378; x_wconf 91' lang='lat' dir='ltr'>jam</span> <span class='ocrx_word' id='word_1_106' title='bbox 772 1311 823 1367; x_wconf 87' lang='grc' dir='ltr'><em>Τ</em></span> <span class='ocrx_word' id='word_1_107' title='bbox 816 1308 1094 1382; x_wconf 58' lang='lat' dir='ltr'>themistius,</span> <span class='ocrx_word' id='word_1_108' title='bbox 1121 1310 1288 1364; x_wconf 78' lang='lat' dir='ltr'>rhetor</span> <span class='ocrx_word' id='word_1_109' title='bbox 1305 1347 1320 1371; x_wconf 80' lang='grc'>,</span> <span class='ocrx_word' id='word_1_110' title='bbox 1339 1311 1578 1362; x_wconf 81' lang='lat' dir='ltr'>Oratione</span> <span class='ocrx_word' id='word_1_111' title='bbox 1594 1327 1676 1359; x_wconf 79' lang='lat'>20.</span> <span class='ocrx_word' id='word_1_112' title='bbox 1703 1309 1999 1379; x_wconf 84' lang='lat' dir='ltr'>conquestus</span> <span class='ocrx_word' id='word_1_113' title='bbox 2021 1307 2087 1359; x_wconf 82' lang='lat' dir='ltr'>est</span> <span class='ocrx_word' id='word_1_114' title='bbox 2112 1309 2161 1358; x_wconf 69' lang='lat' dir='ltr'>ia</span> <span class='ocrx_word' id='word_1_115' title='bbox 2176 1302 2329 1369; x_wconf 80' lang='lat' dir='ltr'>Libya</span> 
     </span>
     <span class='ocr_line' id='line_1_14' title="bbox 441 1378 2330 1457; baseline -0.005 -17"><span class='ocrx_word' id='word_1_116' title='bbox 441 1402 741 1456; x_wconf 88' lang='lat' dir='ltr'>proventum</span> <span class='ocrx_word' id='word_1_117' title='bbox 765 1386 1167 1457; x_wconf 78' lang='lat' dir='ltr'>elephantorum,</span> <span class='ocrx_word' id='word_1_118' title='bbox 1212 1388 1262 1436; x_wconf 89' lang='lat' dir='ltr'>in</span> <span class='ocrx_word' id='word_1_119' title='bbox 1284 1382 1528 1436; x_wconf 74' lang='lat' dir='ltr'>Thessalia</span> <span class='ocrx_word' id='word_1_120' title='bbox 1570 1381 1804 1443; x_wconf 82' lang='lat' dir='ltr'>leonum,</span> <span class='ocrx_word' id='word_1_121' title='bbox 1847 1386 1896 1433; x_wconf 87' lang='lat' dir='ltr'>in</span> <span class='ocrx_word' id='word_1_122' title='bbox 1928 1378 2185 1450; x_wconf 87' lang='lat' dir='ltr'>paludibus</span> <span class='ocrx_word' id='word_1_123' title='bbox 2208 1396 2330 1432; x_wconf 87' lang='lat' dir='ltr'>vero</span> 
     </span>
     <span class='ocr_line' id='line_1_15' title="bbox 443 1456 2328 1535; baseline -0.007 -19"><span class='ocrx_word' id='word_1_124' title='bbox 443 1461 546 1516; x_wconf 89' lang='lat' dir='ltr'>Nili</span> <span class='ocrx_word' id='word_1_125' title='bbox 565 1479 814 1535; x_wconf 90' lang='lat' dir='ltr'>equorum</span> <span class='ocrx_word' id='word_1_126' title='bbox 844 1459 1156 1514; x_wconf 87' lang='lat' dir='ltr'>fluviatilium</span> <span class='ocrx_word' id='word_1_127' title='bbox 1193 1457 1434 1511; x_wconf 84' lang='lat' dir='ltr'>defeciffe.</span> <span class='ocrx_word' id='word_1_128' title='bbox 1518 1461 1625 1509; x_wconf 89' lang='lat' dir='ltr'>Nec</span> <span class='ocrx_word' id='word_1_129' title='bbox 1645 1470 1746 1508; x_wconf 89' lang='lat' dir='ltr'>erat</span> <span class='ocrx_word' id='word_1_130' title='bbox 1768 1474 1856 1509; x_wconf 90' lang='lat' dir='ltr'>cur</span> <span class='ocrx_word' id='word_1_131' title='bbox 1880 1458 2125 1507; x_wconf 85' lang='lat' dir='ltr'>raritatem</span> <span class='ocrx_word' id='word_1_132' title='bbox 2144 1456 2328 1505; x_wconf 86' lang='lat' dir='ltr'>anima-</span> 
     </span>
     <span class='ocr_line' id='line_1_16' title="bbox 442 1527 2330 1606; baseline -0.005 -18"><span class='ocrx_word' id='word_1_133' title='bbox 442 1532 504 1588; x_wconf 78' lang='lat' dir='ltr'>lis</span> <span class='ocrx_word' id='word_1_134' title='bbox 535 1539 586 1588; x_wconf 90' lang='lat' dir='ltr'>in</span> <span class='ocrx_word' id='word_1_135' title='bbox 611 1538 846 1606; x_wconf 83' lang='lat' dir='ltr'>Aegypto</span> <span class='ocrx_word' id='word_1_136' title='bbox 873 1534 933 1588; x_wconf 89' lang='lat' dir='ltr'>ab</span> <span class='ocrx_word' id='word_1_137' title='bbox 967 1534 1053 1586; x_wconf 85' lang='lat' dir='ltr'>usu</span> <span class='ocrx_word' id='word_1_138' title='bbox 1086 1532 1301 1604; x_wconf 88' lang='lat' dir='ltr'>pulveris</span> <span class='ocrx_word' id='word_1_139' title='bbox 1325 1535 1450 1602; x_wconf 87' lang='lat' dir='ltr'>pyrii</span> <span class='ocrx_word' id='word_1_140' title='bbox 1487 1545 1536 1583; x_wconf 92' lang='lat' dir='ltr'>et</span> <span class='ocrx_word' id='word_1_141' title='bbox 1562 1529 1895 1599; x_wconf 88' lang='lat' dir='ltr'>sclopetorum</span> <span class='ocrx_word' id='word_1_142' title='bbox 1925 1527 2203 1588; x_wconf 82' lang='lat' dir='ltr'>arcefferet,</span> <span class='ocrx_word' id='word_1_143' title='bbox 2244 1529 2330 1598; x_wconf 89' lang='lat' dir='ltr'>qui</span> 
     </span>
     <span class='ocr_line' id='line_1_17' title="bbox 443 1600 2329 1681; baseline -0.006 -18"><span class='ocrx_word' id='word_1_144' title='bbox 443 1623 691 1681; x_wconf 88' lang='lat' dir='ltr'>praeterea</span> <span class='ocrx_word' id='word_1_145' title='bbox 715 1609 845 1662; x_wconf 88' lang='lat' dir='ltr'>nulla</span> <span class='ocrx_word' id='word_1_146' title='bbox 865 1608 1148 1662; x_wconf 62' lang='lat' dir='ltr'>audioritate</span> <span class='ocrx_word' id='word_1_147' title='bbox 1172 1606 1587 1677; x_wconf 89' lang='lat' dir='ltr'>hippopotamum</span> <span class='ocrx_word' id='word_1_148' title='bbox 1608 1608 1856 1656; x_wconf 89' lang='lat' dir='ltr'>marinum</span> <span class='ocrx_word' id='word_1_149' title='bbox 1880 1622 1905 1655; x_wconf 87' lang='lat' dir='ltr'>a</span> <span class='ocrx_word' id='word_1_150' title='bbox 1922 1600 2140 1655; x_wconf 85' lang='lat' dir='ltr'>fluviatili</span> <span class='ocrx_word' id='word_1_151' title='bbox 2161 1601 2329 1653; x_wconf 86' lang='lat' dir='ltr'>distin-</span> 
     </span>
     <span class='ocr_line' id='line_1_18' title="bbox 443 1674 2329 1753; baseline -0.006 -17"><span class='ocrx_word' id='word_1_152' title='bbox 443 1687 580 1752; x_wconf 80' lang='lat' dir='ltr'>guit,</span> <span class='ocrx_word' id='word_1_153' title='bbox 613 1681 831 1738; x_wconf 63' lang='lat' dir='ltr'>Sormim&#39;</span> <span class='ocrx_word' id='word_1_154' title='bbox 857 1689 905 1736; x_wconf 86' lang='lat' dir='ltr'>in</span> <span class='ocrx_word' id='word_1_155' title='bbox 927 1682 1255 1753; x_wconf 72' lang='lat' dir='ltr'>Ephemer&#39;ide</span> <span class='ocrx_word' id='word_1_156' title='bbox 1281 1680 1458 1748; x_wconf 87' lang='lat' dir='ltr'>Phyfic.</span> <span class='ocrx_word' id='word_1_157' title='bbox 1480 1680 1604 1746; x_wconf 85' lang='lat' dir='ltr'>edita</span> <span class='ocrx_word' id='word_1_158' title='bbox 1635 1697 1661 1731; x_wconf 91' lang='lat' dir='ltr'>a</span> <span class='ocrx_word' id='word_1_159' title='bbox 1694 1674 1897 1733; x_wconf 73' lang='lat' dir='ltr'>Rozier</span> <span class='ocrx_word' id='word_1_160' title='bbox 1915 1696 2044 1730; x_wconf 84' lang='lat' dir='ltr'>anno</span> <span class='ocrx_word' id='word_1_161' title='bbox 2076 1682 2227 1737; x_wconf 78' lang='lat'>1786.</span> <span class='ocrx_word' id='word_1_162' title='bbox 2258 1678 2329 1726; x_wconf 88' lang='lat' dir='ltr'>Ia-</span> 
     </span>
     <span class='ocr_line' id='line_1_19' title="bbox 444 1750 2328 1828; baseline -0.007 -16"><span class='ocrx_word' id='word_1_163' title='bbox 444 1762 617 1813; x_wconf 87' lang='lat' dir='ltr'>nuario</span> <span class='ocrx_word' id='word_1_164' title='bbox 637 1777 680 1828; x_wconf 90' lang='lat' dir='ltr'>p.</span> <span class='ocrx_word' id='word_1_165' title='bbox 704 1765 788 1811; x_wconf 86' lang='lat'>66.</span> <span class='ocrx_word' id='word_1_166' title='bbox 873 1761 1059 1810; x_wconf 87' lang='lat' dir='ltr'>Merito</span> <span class='ocrx_word' id='word_1_167' title='bbox 1080 1761 1223 1824; x_wconf 83' lang='lat' dir='ltr'>igitur</span> <span class='ocrx_word' id='word_1_168' title='bbox 1251 1757 1543 1824; x_wconf 87' lang='lat' dir='ltr'>scriptorum</span> <span class='ocrx_word' id='word_1_169' title='bbox 1581 1770 1905 1806; x_wconf 86' lang='lat' dir='ltr'>romanorum</span> <span class='ocrx_word' id='word_1_170' title='bbox 1937 1750 2159 1805; x_wconf 86' lang='lat' dir='ltr'>socordia</span> <span class='ocrx_word' id='word_1_171' title='bbox 2183 1766 2328 1800; x_wconf 86' lang='lat' dir='ltr'>accu-</span> 
     </span>
     <span class='ocr_line' id='line_1_20' title="bbox 443 1826 2330 1903; baseline -0.005 -19"><span class='ocrx_word' id='word_1_172' title='bbox 443 1832 531 1884; x_wconf 74' lang='lat' dir='ltr'>{ari</span> <span class='ocrx_word' id='word_1_173' title='bbox 552 1834 735 1902; x_wconf 83' lang='lat' dir='ltr'>potest,</span> <span class='ocrx_word' id='word_1_174' title='bbox 769 1835 852 1903; x_wconf 90' lang='lat' dir='ltr'>qui</span> <span class='ocrx_word' id='word_1_175' title='bbox 883 1830 1015 1882; x_wconf 83' lang='lat' dir='ltr'>nihil·</span> <span class='ocrx_word' id='word_1_176' title='bbox 1038 1832 1304 1901; x_wconf 87' lang='lat' dir='ltr'>posteritati</span> <span class='ocrx_word' id='word_1_177' title='bbox 1333 1830 1395 1881; x_wconf 91' lang='lat' dir='ltr'>de</span> <span class='ocrx_word' id='word_1_178' title='bbox 1425 1826 1586 1882; x_wconf 88' lang='lat' dir='ltr'>forma</span> <span class='ocrx_word' id='word_1_179' title='bbox 1614 1826 1962 1896; x_wconf 84' lang='lat' dir='ltr'>hippopotami</span> <span class='ocrx_word' id='word_1_180' title='bbox 1995 1828 2186 1878; x_wconf 87' lang='lat' dir='ltr'>Romae</span> <span class='ocrx_word' id='word_1_181' title='bbox 2225 1837 2330 1876; x_wconf 88' lang='lat' dir='ltr'>tam</span> 
     </span>
     <span class='ocr_line' id='line_1_21' title="bbox 445 1905 1133 1977; baseline -0.004 -17"><span class='ocrx_word' id='word_1_182' title='bbox 445 1906 586 1976; x_wconf 83' lang='lat' dir='ltr'>saepe</span> <span class='ocrx_word' id='word_1_183' title='bbox 609 1905 805 1977; x_wconf 69' lang='lat' dir='ltr'>spediati</span> <span class='ocrx_word' id='word_1_184' title='bbox 826 1905 1133 1958; x_wconf 80' lang='lat' dir='ltr'>tradiderint!</span> 
     </span>
    </p>
   </div>
   <div class='ocr_carea' id='block_1_4' title="bbox 447 2011 2338 3194">
    <p class='ocr_par' dir='ltr' id='par_1_4' title="bbox 447 2011 2338 3194">
     <span class='ocr_line' id='line_1_22' title="bbox 596 2011 2330 2090; baseline -0.006 -13"><span class='ocrx_word' id='word_1_185' title='bbox 596 2023 832 2078; x_wconf 87' lang='lat' dir='ltr'>Tandem</span> <span class='ocrx_word' id='word_1_186' title='bbox 848 2042 968 2078; x_wconf 87' lang='lat' dir='ltr'>vero</span> <span class='ocrx_word' id='word_1_187' title='bbox 984 2025 1159 2077; x_wconf 86' lang='lat' dir='ltr'>exstitit</span> <span class='ocrx_word' id='word_1_188' title='bbox 1172 2020 1331 2075; x_wconf 81' lang='lat' dir='ltr'>subito</span> <span class='ocrx_word' id='word_1_189' title='bbox 1351 2021 1554 2090; x_wconf 73' lang='lat' dir='ltr'>scriptor</span> <span class='ocrx_word' id='word_1_190' title='bbox 1570 2018 1795 2075; x_wconf 82' lang='lat' dir='ltr'>historiae</span> <span class='ocrx_word' id='word_1_191' title='bbox 1811 2020 2094 2080; x_wconf 82' lang='lat' dir='ltr'>amatOriae,</span> <span class='ocrx_word' id='word_1_192' title='bbox 2108 2011 2330 2071; x_wconf 75' lang='lat' dir='ltr'>Achilles</span> 
     </span>
     <span class='ocr_line' id='line_1_23' title="bbox 454 2094 2332 2170; baseline -0.006 -17"><span class='ocrx_word' id='word_1_193' title='bbox 454 2094 667 2162; x_wconf 60' lang='lat' dir='ltr'>Tabim,</span> <span class='ocrx_word' id='word_1_194' title='bbox 691 2098 1082 2160; x_wconf 82' lang='lat' dir='ltr'>Alexandrinus,</span> <span class='ocrx_word' id='word_1_195' title='bbox 1111 2101 1200 2170; x_wconf 91' lang='lat' dir='ltr'>qui</span> <span class='ocrx_word' id='word_1_196' title='bbox 1221 2099 1576 2149; x_wconf 83' lang='lat' dir='ltr'>accuratiorem</span> <span class='ocrx_word' id='word_1_197' title='bbox 1601 2094 1943 2164; x_wconf 78' lang='lat' dir='ltr'>hippopotami</span> <span class='ocrx_word' id='word_1_198' title='bbox 1966 2095 2192 2146; x_wconf 80' lang='lat' dir='ltr'>notitiam</span> <span class='ocrx_word' id='word_1_199' title='bbox 2215 2108 2332 2160; x_wconf 88' lang='lat' dir='ltr'>pro-</span> 
     </span>
     <span class='ocr_line' id='line_1_24' title="bbox 450 2167 2331 2237; baseline -0.003 -13"><span class='ocrx_word' id='word_1_200' title='bbox 450 2172 648 2226; x_wconf 88' lang='lat' dir='ltr'>deretet</span> <span class='ocrx_word' id='word_1_201' title='bbox 669 2173 833 2237; x_wconf 82' lang='lat' dir='ltr'>talem,</span> <span class='ocrx_word' id='word_1_202' title='bbox 857 2188 910 2226; x_wconf 90' lang='lat' dir='ltr'>ut</span> <span class='ocrx_word' id='word_1_203' title='bbox 927 2177 976 2226; x_wconf 91' lang='lat' dir='ltr'>in</span> <span class='ocrx_word' id='word_1_204' title='bbox 1000 2192 1054 2226; x_wconf 91' lang='lat' dir='ltr'>ea</span> <span class='ocrx_word' id='word_1_205' title='bbox 1077 2172 1288 2225; x_wconf 83' lang='lat' dir='ltr'>belluam</span> <span class='ocrx_word' id='word_1_206' title='bbox 1300 2169 1447 2223; x_wconf 86' lang='lat' dir='ltr'>nobis</span> <span class='ocrx_word' id='word_1_207' title='bbox 1468 2182 1639 2223; x_wconf 89' lang='lat' dir='ltr'>notam</span> <span class='ocrx_word' id='word_1_208' title='bbox 1659 2167 1745 2221; x_wconf 81' lang='lat' dir='ltr'>sub</span> <span class='ocrx_word' id='word_1_209' title='bbox 1768 2168 1947 2222; x_wconf 86' lang='lat' dir='ltr'>eodem</span> <span class='ocrx_word' id='word_1_210' title='bbox 1960 2170 2164 2220; x_wconf 88' lang='lat' dir='ltr'>nomine</span> <span class='ocrx_word' id='word_1_211' title='bbox 2179 2184 2331 2233; x_wconf 86' lang='lat' dir='ltr'>agno-</span> 
     </span>
     <span class='ocr_line' id='line_1_25' title="bbox 448 2241 2329 2317; baseline -0.006 -16"><span class='ocrx_word' id='word_1_212' title='bbox 448 2247 580 2301; x_wconf 84' lang='lat' dir='ltr'>scere</span> <span class='ocrx_word' id='word_1_213' title='bbox 607 2247 763 2300; x_wconf 84' lang='lat' dir='ltr'>liceat.</span> <span class='ocrx_word' id='word_1_214' title='bbox 813 2253 856 2301; x_wconf 84' lang='lat' dir='ltr'>Is</span> <span class='ocrx_word' id='word_1_215' title='bbox 882 2251 1028 2314; x_wconf 80' lang='lat' dir='ltr'>igitur</span> <span class='ocrx_word' id='word_1_216' title='bbox 1049 2246 1173 2300; x_wconf 88' lang='lat' dir='ltr'>libro</span> <span class='ocrx_word' id='word_1_217' title='bbox 1195 2260 1368 2317; x_wconf 82' lang='lat' dir='ltr'>quarto</span> <span class='ocrx_word' id='word_1_218' title='bbox 1387 2263 1433 2312; x_wconf 85' lang='lat' dir='ltr'>p.</span> <span class='ocrx_word' id='word_1_219' title='bbox 1449 2261 1511 2294; x_wconf 76' lang='lat'>22</span> <span class='ocrx_word' id='word_1_220' title='bbox 1531 2263 1569 2295; x_wconf 75' lang='lat'>1.</span> <span class='ocrx_word' id='word_1_221' title='bbox 1599 2243 1825 2296; x_wconf 84' lang='lat' dir='ltr'>editionis</span> <span class='ocrx_word' id='word_1_222' title='bbox 1844 2241 2157 2294; x_wconf 84' lang='lat' dir='ltr'>Salmafianae</span> <span class='ocrx_word' id='word_1_223' title='bbox 2179 2245 2329 2301; x_wconf 69' lang='lat'><em>1640.</em></span> 
     </span>
     <span class='ocr_line' id='line_1_26' title="bbox 447 2314 2334 2388; baseline -0.005 -14"><span class='ocrx_word' id='word_1_224' title='bbox 447 2321 872 2375; x_wconf 84' lang='lat' dir='ltr'>animalfluviatile</span> <span class='ocrx_word' id='word_1_225' title='bbox 892 2322 1010 2373; x_wconf 89' lang='lat' dir='ltr'>dicit</span> <span class='ocrx_word' id='word_1_226' title='bbox 1031 2336 1077 2373; x_wconf 90' lang='lat' dir='ltr'>et</span> <span class='ocrx_word' id='word_1_227' title='bbox 1091 2320 1156 2372; x_wconf 78' lang='lat' dir='ltr'>&#39;ab</span> <span class='ocrx_word' id='word_1_228' title='bbox 1175 2322 1429 2388; x_wconf 76' lang='lat' dir='ltr'>Aegyptiis</span> <span class='ocrx_word' id='word_1_229' title='bbox 1449 2334 1634 2387; x_wconf 89' lang='lat' dir='ltr'>equum</span> <span class='ocrx_word' id='word_1_230' title='bbox 1655 2315 1752 2368; x_wconf 87' lang='lat' dir='ltr'>Nili</span> <span class='ocrx_word' id='word_1_231' title='bbox 1773 2314 1996 2385; x_wconf 81' lang='lat' dir='ltr'>appellari</span> <span class='ocrx_word' id='word_1_232' title='bbox 2018 2319 2094 2367; x_wconf 86' lang='lat' dir='ltr'>ait.</span> <span class='ocrx_word' id='word_1_233' title='bbox 2135 2316 2212 2366; x_wconf 85' lang='lat' dir='ltr'>Est</span> <span class='ocrx_word' id='word_1_234' title='bbox 2223 2316 2334 2385; x_wconf 60' lang='lat' dir='ltr'>qui-4</span> 
     </span>
     <span class='ocr_line' id='line_1_27' title="bbox 449 2387 2331 2467; baseline -0.003 -21"><span class='ocrx_word' id='word_1_235' title='bbox 449 2395 584 2458; x_wconf 78' lang='lat' dir='ltr'>dem,</span> <span class='ocrx_word' id='word_1_236' title='bbox 604 2399 776 2467; x_wconf 82' lang='lat' dir='ltr'>inquit,</span> <span class='ocrx_word' id='word_1_237' title='bbox 798 2413 969 2466; x_wconf 84' lang='lat' dir='ltr'>equuS,</span> <span class='ocrx_word' id='word_1_238' title='bbox 989 2398 1058 2446; x_wconf 85' lang='lat' dir='ltr'>uti</span> <span class='ocrx_word' id='word_1_239' title='bbox 1077 2392 1202 2446; x_wconf 85' lang='lat' dir='ltr'>fama</span> <span class='ocrx_word' id='word_1_240' title='bbox 1216 2392 1319 2453; x_wconf 80' lang='lat' dir='ltr'>fert,</span> <span class='ocrx_word' id='word_1_241' title='bbox 1344 2395 1393 2443; x_wconf 86' lang='lat' dir='ltr'>in</span> <span class='ocrx_word' id='word_1_242' title='bbox 1415 2405 1584 2444; x_wconf 88' lang='lat' dir='ltr'>ventre</span> <span class='ocrx_word' id='word_1_243' title='bbox 1612 2404 1663 2453; x_wconf 59' lang='lat' dir='ltr'>et</span> <span class='ocrx_word' id='word_1_244' title='bbox 1684 2389 1912 2459; x_wconf 82' lang='lat' dir='ltr'>pedibus,</span> <span class='ocrx_word' id='word_1_245' title='bbox 1932 2388 2015 2443; x_wconf 81' lang='lat' dir='ltr'>nifi</span> <span class='ocrx_word' id='word_1_246' title='bbox 2026 2387 2162 2460; x_wconf 87' lang='lat' dir='ltr'>quod</span> <span class='ocrx_word' id='word_1_247' title='bbox 2181 2387 2331 2458; x_wconf 87' lang='lat' dir='ltr'>pedes</span> 
     </span>
     <span class='ocr_line' id='line_1_28' title="bbox 450 2460 2331 2544; baseline -0.005 -21"><span class='ocrx_word' id='word_1_248' title='bbox 450 2473 504 2523; x_wconf 86' lang='lat' dir='ltr'>iu</span> <span class='ocrx_word' id='word_1_249' title='bbox 529 2471 732 2537; x_wconf 85' lang='lat' dir='ltr'>ungulas</span> <span class='ocrx_word' id='word_1_250' title='bbox 761 2470 891 2522; x_wconf 84' lang='lat' dir='ltr'>fiffos</span> <span class='ocrx_word' id='word_1_251' title='bbox 921 2467 1093 2530; x_wconf 82' lang='lat' dir='ltr'>habet,</span> <span class='ocrx_word' id='word_1_252' title='bbox 1141 2475 1223 2531; x_wconf 63' lang='grc' dir='ltr'>(ἐν</span> <span class='ocrx_word' id='word_1_253' title='bbox 1254 2465 1409 2544; x_wconf 71' lang='grc' dir='ltr'>χηλῇ</span> <span class='ocrx_word' id='word_1_254' title='bbox 1437 2465 1606 2540; x_wconf 62' lang='grc' dir='ltr'><strong><em>σχίζει</em></strong></span> <span class='ocrx_word' id='word_1_255' title='bbox 1635 2462 1731 2539; x_wconf 68' lang='grc' dir='ltr'>τήν</span> <span class='ocrx_word' id='word_1_256' title='bbox 1761 2460 1958 2538; x_wconf 56' lang='grc' dir='ltr'>ὁπλήν)</span> <span class='ocrx_word' id='word_1_257' title='bbox 1991 2462 2331 2531; x_wconf 86' lang='lat' dir='ltr'>magnitudine</span> 
     </span>
     <span class='ocr_line' id='line_1_29' title="bbox 451 2537 2331 2610; baseline -0.003 -14"><span class='ocrx_word' id='word_1_258' title='bbox 451 2547 657 2596; x_wconf 86' lang='lat' dir='ltr'>maximi</span> <span class='ocrx_word' id='word_1_259' title='bbox 680 2548 827 2606; x_wconf 83' lang='lat' dir='ltr'>tauri,</span> <span class='ocrx_word' id='word_1_260' title='bbox 860 2544 1012 2596; x_wconf 87' lang='lat' dir='ltr'>cauda</span> <span class='ocrx_word' id='word_1_261' title='bbox 1034 2541 1167 2595; x_wconf 85' lang='lat' dir='ltr'>brevi</span> <span class='ocrx_word' id='word_1_262' title='bbox 1196 2556 1243 2594; x_wconf 91' lang='lat' dir='ltr'>et</span> <span class='ocrx_word' id='word_1_263' title='bbox 1264 2541 1373 2610; x_wconf 86' lang='lat' dir='ltr'>pilis</span> <span class='ocrx_word' id='word_1_264' title='bbox 1395 2540 1543 2601; x_wconf 84' lang='lat' dir='ltr'>nuda,</span> <span class='ocrx_word' id='word_1_265' title='bbox 1593 2542 1661 2591; x_wconf 91' lang='lat' dir='ltr'>uti</span> <span class='ocrx_word' id='word_1_266' title='bbox 1695 2537 1939 2610; x_wconf 83' lang='lat' dir='ltr'>reliquum</span> <span class='ocrx_word' id='word_1_267' title='bbox 1970 2541 2119 2591; x_wconf 82' lang='lat' dir='ltr'>etiam</span> <span class='ocrx_word' id='word_1_268' title='bbox 2149 2555 2331 2606; x_wconf 86' lang='lat' dir='ltr'>corpus</span> 
     </span>
     <span class='ocr_line' id='line_1_30' title="bbox 449 2605 2334 2692; baseline -0.004 -21"><span class='ocrx_word' id='word_1_269' title='bbox 449 2636 631 2679; x_wconf 84' lang='lat' dir='ltr'>omne3</span> <span class='ocrx_word' id='word_1_270' title='bbox 677 2632 820 2688; x_wconf 88' lang='lat' dir='ltr'>caput</span> <span class='ocrx_word' id='word_1_271' title='bbox 841 2617 1110 2671; x_wconf 83' lang='lat' dir='ltr'>rotundum</span> <span class='ocrx_word' id='word_1_272' title='bbox 1132 2634 1223 2668; x_wconf 90' lang='lat' dir='ltr'>nec</span> <span class='ocrx_word' id='word_1_273' title='bbox 1252 2633 1484 2684; x_wconf 82' lang='lat' dir='ltr'>parvum,</span> <span class='ocrx_word' id='word_1_274' title='bbox 1520 2630 1674 2682; x_wconf 88' lang='lat' dir='ltr'>genae</span> <span class='ocrx_word' id='word_1_275' title='bbox 1699 2617 1887 2684; x_wconf 83' lang='lat' dir='ltr'>equinis</span> <span class='ocrx_word' id='word_1_276' title='bbox 1909 2611 2101 2673; x_wconf 81' lang='lat' dir='ltr'>fimileS,</span> <span class='ocrx_word' id='word_1_277' title='bbox 2138 2605 2334 2692; x_wconf 66' lang='grc' dir='ltr'>(ἐγγῦς</span> 
     </span>
     <span class='ocr_line' id='line_1_31' title="bbox 447 2684 2331 2769; baseline -0.008 -17"><span class='ocrx_word' id='word_1_278' title='bbox 447 2692 588 2753; x_wconf 70' lang='grc' dir='ltr'>ἵππε</span> <span class='ocrx_word' id='word_1_279' title='bbox 627 2688 874 2769; x_wconf 47' lang='grc' dir='ltr'>παρειή,</span> <span class='ocrx_word' id='word_1_280' title='bbox 912 2690 1037 2744; x_wconf 89' lang='lat' dir='ltr'>male</span> <span class='ocrx_word' id='word_1_281' title='bbox 1069 2689 1248 2744; x_wconf 81' lang='lat' dir='ltr'>verfio:</span> <span class='ocrx_word' id='word_1_282' title='bbox 1299 2687 1522 2741; x_wconf 78' lang='lat' dir='ltr'>maxillae</span> <span class='ocrx_word' id='word_1_283' title='bbox 1550 2684 1649 2739; x_wconf 89' lang='lat' dir='ltr'>fere</span> <span class='ocrx_word' id='word_1_284' title='bbox 1685 2689 1920 2759; x_wconf 87' lang='lat' dir='ltr'>equinae)</span> <span class='ocrx_word' id='word_1_285' title='bbox 1949 2704 2089 2740; x_wconf 87' lang='lat' dir='ltr'>nares</span> <span class='ocrx_word' id='word_1_286' title='bbox 2122 2703 2331 2751; x_wconf 79' lang='lat' dir='ltr'>magno-</span> 
     </span>
     <span class='ocr_line' id='line_1_32' title="bbox 452 2757 2330 2836; baseline -0.004 -18"><span class='ocrx_word' id='word_1_287' title='bbox 452 2784 574 2836; x_wconf 83' lang='lat' dir='ltr'>pere</span> <span class='ocrx_word' id='word_1_288' title='bbox 614 2766 802 2828; x_wconf 83' lang='lat' dir='ltr'>hiantes</span> <span class='ocrx_word' id='word_1_289' title='bbox 852 2783 901 2819; x_wconf 92' lang='lat' dir='ltr'>et</span> <span class='ocrx_word' id='word_1_290' title='bbox 939 2764 1157 2834; x_wconf 78' lang='lat' dir='ltr'>patulae,</span> <span class='ocrx_word' id='word_1_291' title='bbox 1211 2767 1412 2830; x_wconf 82' lang='lat' dir='ltr'>igneum</span> <span class='ocrx_word' id='word_1_292' title='bbox 1450 2780 1688 2832; x_wconf 86' lang='lat' dir='ltr'>vaporem</span> <span class='ocrx_word' id='word_1_293' title='bbox 1747 2762 2065 2830; x_wconf 84' lang='lat' dir='ltr'>exspirantes,</span> <span class='ocrx_word' id='word_1_294' title='bbox 2133 2757 2330 2811; x_wconf 81' lang='lat' dir='ltr'>maxilla</span> 
     </span>
     <span class='ocr_line' id='line_1_33' title="bbox 452 2829 2331 2919; baseline -0.007 -20"><span class='ocrx_word' id='word_1_295' title='bbox 452 2841 667 2919; x_wconf 69' lang='grc' dir='ltr'>(γένος)</span> <span class='ocrx_word' id='word_1_296' title='bbox 725 2838 841 2902; x_wconf 76' lang='lat' dir='ltr'>lata,</span> <span class='ocrx_word' id='word_1_297' title='bbox 883 2838 1095 2911; x_wconf 79' lang='lat' dir='ltr'>aequalis</span> <span class='ocrx_word' id='word_1_298' title='bbox 1151 2841 1318 2907; x_wconf 81' lang='lat' dir='ltr'>genis,</span> <span class='ocrx_word' id='word_1_299' title='bbox 1375 2840 1573 2912; x_wconf 62' lang='grc' dir='ltr'>(εὐρᾱοι</span> <span class='ocrx_word' id='word_1_300' title='bbox 1620 2830 1730 2892; x_wconf 69' lang='grc' dir='ltr'>ὡσεὶ</span> <span class='ocrx_word' id='word_1_301' title='bbox 1760 2833 1849 2910; x_wconf 46' lang='grc' dir='ltr'>»Θεᾷ</span> <span class='ocrx_word' id='word_1_302' title='bbox 1888 2829 2100 2910; x_wconf 40' lang='lat' dir='ltr'>wyse-2.</span> <span class='ocrx_word' id='word_1_303' title='bbox 2153 2831 2331 2886; x_wconf 68' lang='lat' dir='ltr'>versio:</span> 
     </span>
     <span class='ocr_line' id='line_1_34' title="bbox 453 2903 2333 2986; baseline -0.005 -17"><span class='ocrx_word' id='word_1_304' title='bbox 453 2929 685 2970; x_wconf 83' lang='lat' dir='ltr'>mentum</span> <span class='ocrx_word' id='word_1_305' title='bbox 709 2912 891 2977; x_wconf 83' lang='lat' dir='ltr'>latum,</span> <span class='ocrx_word' id='word_1_306' title='bbox 939 2912 1544 2986; x_wconf 78' lang='lat' dir='ltr'>quemadmodumetiam</span> <span class='ocrx_word' id='word_1_307' title='bbox 1579 2907 1826 2961; x_wconf 86' lang='lat' dir='ltr'>maxillae:</span> <span class='ocrx_word' id='word_1_308' title='bbox 1881 2908 1960 2960; x_wconf 85' lang='lat' dir='ltr'>sed</span> <span class='ocrx_word' id='word_1_309' title='bbox 1989 2908 2114 2960; x_wconf 77' lang='lat' dir='ltr'>bene</span> <span class='ocrx_word' id='word_1_310' title='bbox 2137 2903 2333 2961; x_wconf 68' lang='lat' dir='ltr'>Salma-</span> 
     </span>
     <span class='ocr_line' id='line_1_35' title="bbox 449 2979 2334 3063; baseline -0.008 -21"><span class='ocrx_word' id='word_1_311' title='bbox 449 2987 554 3060; x_wconf 77' lang='lat' dir='ltr'>sius</span> <span class='ocrx_word' id='word_1_312' title='bbox 572 2988 848 3042; x_wconf 65' lang='lat' dir='ltr'>‘emendare</span> <span class='ocrx_word' id='word_1_313' title='bbox 876 2988 1065 3041; x_wconf 89' lang='lat' dir='ltr'>videtur</span> <span class='ocrx_word' id='word_1_314' title='bbox 1092 2984 1183 3061; x_wconf 74' lang='grc' dir='ltr'>ὅση</span> <span class='ocrx_word' id='word_1_315' title='bbox 1211 2982 1309 3063; x_wconf 60' lang='lat' dir='ltr'>vet?</span> <span class='ocrx_word' id='word_1_316' title='bbox 1334 2979 1560 3060; x_wconf 61' lang='grc' dir='ltr'>παρειρέ)</span> <span class='ocrx_word' id='word_1_317' title='bbox 1598 2981 1749 3034; x_wconf 61' lang='lat' dir='ltr'>ricius</span> <span class='ocrx_word' id='word_1_318' title='bbox 1779 2986 1876 3036; x_wconf 88' lang='lat' dir='ltr'>oris</span> <span class='ocrx_word' id='word_1_319' title='bbox 1909 2982 1970 3034; x_wconf 90' lang='lat' dir='ltr'>ad</span> <span class='ocrx_word' id='word_1_320' title='bbox 1999 2997 2222 3052; x_wconf 78' lang='lat' dir='ltr'>tempora</span> <span class='ocrx_word' id='word_1_321' title='bbox 2253 3000 2334 3034; x_wconf 78' lang='lat' dir='ltr'>us-</span> 
     </span>
     <span class='ocr_line' id='line_1_36' title="bbox 459 3055 2335 3186; baseline -0.003 -71"><span class='ocrx_word' id='word_1_322' title='bbox 459 3079 558 3137; x_wconf 84' lang='lat' dir='ltr'>que</span> <span class='ocrx_word' id='word_1_323' title='bbox 585 3063 830 3129; x_wconf 69' lang='lat' dir='ltr'>resciITUS‚</span> <span class='ocrx_word' id='word_1_324' title='bbox 882 3067 1044 3120; x_wconf 78' lang='lat' dir='ltr'>canini</span> <span class='ocrx_word' id='word_1_325' title='bbox 1073 3062 1242 3118; x_wconf 88' lang='lat' dir='ltr'>dentes</span> <span class='ocrx_word' id='word_1_326' title='bbox 1279 3062 1544 3121; x_wconf 84' lang='lat' dir='ltr'>incurvati,</span> <span class='ocrx_word' id='word_1_327' title='bbox 1603 3055 1763 3114; x_wconf 81' lang='lat' dir='ltr'>forma</span> <span class='ocrx_word' id='word_1_328' title='bbox 1801 3069 1852 3111; x_wconf 91' lang='lat' dir='ltr'>et</span> <span class='ocrx_word' id='word_1_329' title='bbox 1875 3055 2114 3128; x_wconf 83' lang='lat' dir='ltr'>pofitione</span> <span class='ocrx_word' id='word_1_330' title='bbox 2145 3059 2335 3186; x_wconf 49' lang='lat' dir='ltr'>{qnilnis</span> 
     </span>
     <span class='ocr_line' id='line_1_37' title="bbox 467 3148 2338 3194; baseline -0.005 -2"><span class='ocrx_word' id='word_1_331' title='bbox 467 3177 472 3180; x_wconf 87' lang='lat'><em>-</em></span> <span class='ocrx_word' id='word_1_332' title='bbox 1353 3155 1358 3159; x_wconf 90' lang='lat'>·</span> <span class='ocrx_word' id='word_1_333' title='bbox 2164 3149 2249 3184; x_wconf 77' lang='lat' dir='ltr'>mu</span> <span class='ocrx_word' id='word_1_334' title='bbox 2270 3148 2338 3194; x_wconf 69' lang='grc' dir='ltr'>ες,</span> 
     </span>
    </p>
   </div>
  </div>
 </body>
</html>
