2571 3775
1081 329 1380 368 -e———··—·=>
2113 340 2198 390 259

298 452 357 506 Id
397 450 620 506 accidere
648 449 978 508 existimatur,
1031 448 1144 517 quia
1177 444 1355 498 dextro
1386 442 1539 499 oeulo
1571 444 1681 516 plus
1715 464 1942 512 cernant,
1985 455 2198 525 iitroque

301 542 473 581 ¹natura
495 524 685 577 hebete.
736 573 738 575 ,
768 523 846 573 Est
866 524 918 573 in
945 523 1132 590 Euripo
1161 519 1368 573 Thracii
1391 520 1622 590 Bospori,
1672 540 1775 593 quo
1802 527 2063 592 Propontis
2094 533 2194 581 Eu-

311 606 431 654 xino
449 601 681 665 jungitur,
712 594 892 664 imipfis
909 600 1160 665 Europam
1179 593 1446 667 Asiamque
1465 595 1722 665 separantis
1745 594 1853 650 freti
1872 604 2099 666 angustiis
2122 602 2190 654 sa-

304 692 428 728 xum
449 674 556 723 miri
581 670 836 732 candoriS,
862 687 888 722 a
909 670 1038 723 vado
1063 670 1124 722 ad
1147 671 1336 722 summa
1357 667 1640 739 perlucens,
1660 673 1794 736 juxta
1816 670 2189 730 Chalcedonem

306 753 357 801 in
374 746 518 798 latere
537 743 694 797 Afiae.
769 747 930 811 Hujus
957 743 1149 815 aspec‘tu
1181 758 1381 815 repente
1414 746 1565 798 territi
1592 745 1784 814 semper
1807 746 2065 800 adversum
2096 754 2188 816 By-

303 822 447 873 zantii
473 823 905 888 promontorium,
943 837 1005 873 ex
1028 837 1084 872 ea
1110 819 1244 872 causti
1265 819 1558 889 appellatum
1593 825 1726 874 aurei
1757 839 1967 885 cornus,
2003 826 2187 893 praeci-

299 897 384 965 piti
404 907 576 963 petunt
596 897 806 966 agmine.
884 899 1053 966 ltaque
1071 898 1236 947 omnis
1255 909 1453 963 captura
1472 898 1685 960 Byzantii
1706 897 1798 957 est,
1835 914 2013 965 magna
2035 896 2184 966 Chal-

295 968 507 1021 cedonis
540 972 742 1038 penuria
780 966 913 1021 mille
943 967 1163 1038 passuum
1200 968 1352 1021 medii
1382 970 1705 1022 interfluentis
1738 975 1920 1039 Euripi.
2015 974 2185 1043 Oppe-

299 1047 488 1102 riuntur
511 1057 678 1095 autem
691 1042 957 1115 Aquilonis
979 1046 1152 1096 flatum
1177 1057 1229 1095 ut
1249 1043 1467 1096 secundo
1490 1040 1644 1095 flud'tu
1659 1058 1837 1096 exeant
1855 1049 2071 1108 ePonto,
2092 1065 2185 1100 nec

299 1115 385 1171 nisi
414 1121 644 1171 intrantes
674 1131 874 1188 portum
907 1121 1193 1184 Byzantium
1222 1121 1494 1186 capiuntur.
1580 1121 1759 1170 Bruma
1792 1137 1893 1171 non
1925 1135 2185 1188 vagantum

297 1189 589 1264 ¹ubicunque
627 1191 936 1262 deprehensi,
994 1192 1148 1264 usque
1187 1191 1248 1244 ad
1280 1188 1679 1264 aequinostium‚
1719 1190 1787 1246 ibi
1824 1192 2186 1248 hibernant.—

297 1265 443 1318 Multi
484 1266 707 1334 (thynni)
749 1270 798 1319 in
851 1266 1151 1337 Propontide
1195 1267 1450 1329 aestivant,
1513 1270 1730 1319 Pontum
1762 1286 1866 1322 non
1905 1271 2185 1323 intrant.-

300 1342 496 1394 Omnes
535 1356 701 1395 autem
731 1339 987 1394 hibernant
1020 1345 1068 1393 in
1096 1342 1321 1409 Aegaeo.
1344 1372 1414 1381 —
1463 1339 1802 1408 Thynnorum
1834 1357 2030 1413 captura
2061 1345 2128 1398 est
2156 1363 2184 1400 a

301 1414 614 1484 vergiliarum
652 1429 830 1470 exortu
861 1415 923 1469 ad
962 1413 1139 1468 arcturi
1164 1416 1419 1469 occasum:
1481 1415 1672 1488 reliquo
1715 1431 1941 1487 tempore
1969 1418 2180 1474 hiberno

301 1489 449 1542 latent
485 1494 534 1543 in
568 1489 841 1559 gurgitibus
874 1493 986 1543 imis
1019 1489 1104 1542 nisi
1140 1504 1311 1561 tepore
1344 1489 1512 1562 aliquo
1542 1495 1735 1544 evocati
1774 1506 1856 1544 aut
1889 1491 2181 1561 pleniluniis.

297 1568 520 1618 Primum
543 1564 625 1618 hic
647 1567 804 1618 statim
826 1579 1021 1636 apparet
1045 1564 1106 1618 ad
1128 1564 1342 1631 thynnos
1366 1563 1670 1628 transtuliffe,
1708 1584 1832 1638 quae
1853 1566 2180 1638 Philosophus

296 1638 359 1692 de
380 1639 546 1701 colus,
585 1640 648 1692 ad
674 1641 952 1693 universum
980 1658 1100 1693 vero
1125 1639 1328 1709 piscium
1360 1657 1545 1707 genus,
1585 1658 1709 1712 quae
1738 1639 2061 1710 Philosophus
2092 1647 2181 1696 ite-

291 1732 409 1767 rum
438 1714 499 1767 de
521 1713 659 1768 coliis
686 1728 877 1767 tantum
907 1714 968 1767 ad
991 1712 1259 1782 Aegialum
1289 1713 1618 1768 hiemantibus
1648 1715 1854 1768 tradidit.
1929 1721 2179 1772 Praeterea

295 1786 608 1842 manifestum
635 1790 703 1842 est
715 1792 1024 1842 mention-em
1043 1787 1235 1857 Aegiali
1256 1792 1307 1841 in
1327 1787 1458 1842 libris
1480 1792 1665 1857 graecis
1682 1786 1853 1844 Plinii
1861 1806 1944 1843 aut
1953 1788 2181 1863 Nigidii

253 1904 256 1908 .
295 1881 399 1917 non
425 1861 560 1916 fuiffe
584 1861 787 1925 sanam,
823 1863 904 1916 sed
925 1865 1086 1932 Aegei
1106 1867 1266 1916 maris.
1343 1864 1501 1931 Qod
1533 1864 1763 1935 deinceps
1793 1863 2181 1935 pleniluniorum

296 1941 553 2002 meminit,
591 1937 827 1993 transtulit
865 1937 965 1992 hoc
1001 1957 1065 1992 ex
1094 1937 1189 1992 alio
1219 1937 1336 1993 loco
1376 1943 1494 1991 VIII.
1533 1957 1611 1999 ις.
1637 1937 1741 1992 -ubi
1772 1940 1968 2007 thynni,
2002 1945 2179 2012 inquit,

296 2016 443 2066 etiam
466 2011 616 2065 latent
635 2031 722 2083 per
741 2013 961 2065 hiemem
982 2016 1031 2065 in
1053 2009 1275 2082 praealtis
1305 2011 1580 2082 gurgitibus
1612 2017 1785 2076 maris,
1831 2016 2178 2084 pinguescunt*-

293 2104 396 2160 que
417 2104 444 2139 a
465 2085 666 2141 latibulo
686 2090 925 2149 maiorem
960 2091 1011 2139 in
1041 2088 1266 2140 modum.
1362 2091 1489 2156 Capi
1530 2091 1767 2157 incipiunt
1795 2105 1822 2140 a
1851 2088 2176 2157 Vergiliarum

292 2175 407 2215 ortu
421 2161 481 2212 ad
493 2159 693 2213 Ansturi
712 2161 941 2214 occasum
956 2160 1187 2214 ultimum
1202 2181 1215 2222 3
1245 2160 1437 2234 reliquo
1450 2176 1676 2231 tempore
1689 2163 1942 2234 quiescunt
1958 2163 2174 2218 latentes.

295 2237 572 2304 Capiuntur
593 2235 814 2288 nonnulli
836 2254 898 2288 ex
920 2235 995 2289 his
1019 2240 1319 2306 caeterisque
1341 2234 1597 2288 latentibus
1619 2250 1842 2307 tempore
1862 2238 1932 2290 sui
1951 2239 2174 2302 seceffuS,

293 2327 411 2362 cum
430 2311 477 2362 se
503 2324 706 2363 movent
727 2310 956 2364 locorum
983 2324 1154 2380 tepore
1187 2324 1268 2362 aut
1295 2312 1588 2379 tempestatis
1612 2311 1862 2364 serenitate
1882 2312 2065 2365 insolita
2086 2332 2175 2366 ex·-

291 2388 437 2437 citati.
512 2389 665 2438 Tunc
691 2390 825 2438 enim
847 2384 1045 2453 paulum
1059 2384 1313 2454 prodeunt
1333 2402 1394 2437 ex
1415 2382 1654 2437 cubilibus
1674 2385 1732 2437 ad
1754 2387 1943 2456 pastum
1964 2401 2012 2440 et
2034 2405 2173 2457 prae-.

294 2463 436 2528 cipue
462 2457 747 2528 plenilunio.
825 2463 945 2511 Sunt
973 2477 1147 2527 magna
1183 2478 1244 2512 ex
1274 2473 1408 2529 parte
1438 2459 1695 2512 suavissimi
1722 2479 1840 2513 cum
1877 2460 2035 2514 latent.
2120 2467 2175 2517 In

294 2529 462 2591 Plinii
482 2532 598 2587 loco
618 2533 763 2586 verba
792 2549 878 2587 nec
901 2530 995 2602 nist
1019 2531 1273 2587 intrantes
1296 2539 1509 2604 portum
1539 2531 1863 2605 Byzantium
1894 2533 2175 2606 capiuntur

291 2608 400 2660 sunt
434 2627 496 2661 ex
543 2608 889 2661 emendatione
937 2604 1230 2670 Harduini,
1282 2607 1447 2660 hausta
1500 2606 1577 2661 illa
1624 2626 1687 2661 ex
1728 2608 2027 2673 Codicibus,
2091 2610 2174 2665 ubi

287 2683 526 2752 ,scriptum
557 2684 730 2736 exstat:
791 2698 874 2736 mec
902 2678 991 2751 nist
1015 2678 1268 2736 intrantes
1293 2689 1509 2754 pontum
1538 2679 1863 2754 Byzantium
1899 2689 1996 2752 (uti
2026 2689 2174 2738 etiam

292 2758 424 2827 >apud
461 2755 518 2812 V
519 2756 789 2815 iacentium
820 2760 962 2809 XVII.
984 2774 1085 2827 cap.
1124 2759 1266 2822 132.)
1320 2774 1415 2826 pro
1451 2755 1644 2824 vulgata
1672 2757 1926 2828 scriptura:
1974 2777 2059 2812 nec
2088 2756 2181 2828 m’fi

295 2828 550 2885 intrantes
572 2829 800 2887 Pontum
818 2828 1080 2903 Byzantii
1097 2829 1388 2903 capiuntur.
1473 2830 1568 2883 Sed
1594 2836 1790 2899 egregie
1814 2833 1934 2886 vidit
1964 2829 2175 2886 Pintia-

296 2922 391 2958 mts
409 2924 470 2958 ex
490 2910 675 2973 graecis
705 2905 981 2978 philosophi
1013 2904 1279 2975 legendum
1312 2904 1403 2958 effe
1437 2921 1520 2958 nec
1546 2904 1644 2974 -m'st
1656 2903 1890 2978 'iufimtes
1917 2915 2036 2960 tzmc
2062 2903 2174 2979 By.

292 2977 468 3033 mincii
487 2978 781 3049 capiuntur.
858 2977 1067 3034 Infantes
1089 2979 1238 3044 dixit,
1272 2998 1400 3049 quos
1420 2977 1498 3032 ille
1524 2973 1888 3059 γόνονμικρὂ.
1968 2981 2178 3035 Causam

291 3073 443 3124 porro
470 3052 676 3109 Planius
706 3058 806 3109 edit
833 3054 1107 3125 duplicem,
1145 3075 1234 3109 cur
1263 3054 1434 3125 thynni
1451 3053 1759 3106 dextrorsum
1780 3060 1960 3108 intrent
1981 3070 2030 3108 et
2054 3075 2176 3110 con-

286 3141 356 3182 tra
413 3129 628 3189 redeant.
743 3128 969 3185 Alteram
1032 3129 1239 3204 quidem
1291 3126 1612 3201 philosophus
1665 3130 1814 3189 etiam
1871 3147 1935 3197 ex
1988 3127 2180 3258 γυίρῗιπὶ

1304 3207 1353 3256 H
1382 3219 1414 3254 2
1991 3222 2077 3276 per
2100 3223 2183 3259 ua-
