2571 3775
339 336 439 394 318
1153 339 1443 364 ‘'¹⁸⁸’‘-

483 460 641 511 Muris
670 452 898 517 Arabici,
942 454 1081 521 cujus
1112 458 1305 523 generis
1341 459 1561 528 quinque
1597 454 1819 510 animalia
1859 458 1906 509 in
1940 471 2112 513 monte
2146 457 2281 517 Sinai

263 594 266 595 ⁷
340 546 477 605 capta
500 532 697 594 habuit,
738 530 884 598 digna
912 531 980 582 est
1011 529 1295 600 descriptio,
1329 549 1456 601 quae
1484 531 1568 582 hic
1597 547 1884 602 apponatur.
1960 539 2014 595 In
2046 535 2278 604 pedibus,

340 612 525 680 inquit,
556 603 905 678 posterioribus
927 602 1081 673 habet
1093 618 1190 657 tres
1209 604 1386 671 digitos
1400 642 1414 666 ,
1444 604 1624 673 longos
1644 605 1904 675 pollicem>
1945 623 2163 662 carentes
2184 630 2278 663 un-

337 683 543 752 guibUS‚
583 684 776 749 excipio
795 697 952 730 unum
975 677 1210 745 digitum:
1255 681 1306 730 in
1326 678 1534 747 pedibus
1557 680 1879 734 anterioribus
1900 697 2108 754 quatuor
2130 684 2277 739 habet

338 758 533 825 digitos.
609 760 697 807 Pes
722 754 961 823 posterior
992 751 1170 819 longus
1192 765 1408 823 quatuor
1432 754 1612 821 digitos
1630 791 1642 815 ,
1682 753 1839 822 largus
1862 757 2075 824 digitum
2097 778 2275 813 unum:

337 836 477 884 cuius
516 829 672 900 planta
706 827 873 897 plana,
934 840 986 878 ut
1014 823 1116 878 fere
1150 826 1400 888 hominis,
1443 832 1578 896 nigra
1612 828 1738 898 pelle
1762 828 1885 882 tedia
1917 847 2111 885 carente
2132 834 2273 903 pilis;

335 907 549 958 anterior
574 902 750 970 longus
771 909 866 955 tres
886 900 1095 968 digitos,
1136 899 1256 953 latus
1281 900 1544 970 pollicem,
1578 901 1716 955 fimili
1736 902 1863 972 pelle
1883 903 2052 959 tedius,
2092 911 2274 961 Fronte

334 979 425 1033 lata
447 979 573 1032 duos
601 978 810 1045 digitos,
852 974 941 1033 alta
965 989 1173 1047 quatuor
1192 975 1388 1043 digitos.
1448 975 1654 1030 Flexum
1678 977 1910 1050 duntaxat
1931 979 2115 1034 habens
2139 986 2274 1048 juxta

334 1054 538 1124 pedem:
572 1071 600 1104 a
620 1054 809 1104 summa
840 1049 955 1103 tibia
984 1050 1045 1102 ad
1074 1049 1227 1111 talum
1255 1050 1440 1103 nullam
1471 1054 1745 1106 flexionem
1774 1052 1953 1106 habeti
1976 1069 2022 1106 at
2049 1058 2183 1122 juxta
2205 1072 2277 1109 ta-

337 1128 442 1181 lum
462 1127 609 1180 habet
628 1125 762 1179 velut
786 1123 940 1177 cubiti
960 1124 1169 1186 nodum,
1209 1143 1312 1196 quo
1340 1143 1425 1195 pes
1444 1131 1645 1178 vertitur
1667 1127 1792 1180 adeo
1818 1124 1956 1180 facile
1978 1132 2027 1180 in
2049 1130 2182 1193 tibia,
2221 1145 2278 1183 ut

337 1222 428 1257 nos
450 1201 660 1255 solemus
695 1196 920 1259 cubitum
951 1197 1150 1252 flec'iere
1179 1202 1228 1250 in
1262 1214 1454 1268 partem
1482 1204 1780 1254 interiorem.
1859 1202 2046 1256 Colore
2069 1207 2136 1257 est
2159 1205 2274 1258 sub-

336 1275 448 1331 rufo
478 1291 525 1329 et
558 1275 699 1346 plane
728 1278 956 1328 vaccino:
988 1272 1065 1326 alii
1093 1272 1201 1325 sunt
1233 1272 1404 1327 colore
1424 1274 1591 1327 badio.
1667 1277 1861 1329 Omnes
1884 1296 1909 1329 a
1930 1292 2094 1332 natura
2118 1280 2273 1332 cauda

335 1355 508 1423 privati
540 1352 671 1412 sunt,
712 1363 769 1409 vut
800 1347 866 1401 illi
896 1367 1021 1421 quos
1050 1347 1226 1416 vulgus
1260 1348 1516 1403 cuniculos
1546 1349 1743 1403 Indicos
1775 1351 1996 1422 appellat.
2074 1361 2272 1408 Vocem

284 1433 290 1439 “
334 1430 581 1478 murinam
612 1442 789 1478 omnes
829 1421 1085 1493 supradidii
1122 1441 1288 1476 mures
1316 1422 1520 1475 Arabici
1550 1427 1791 1479 emittunt.
1898 1429 2111 1491 Maiores
2148 1430 2272 1490 sunt,
2302 1467 2306 1474 ·

334 1518 486 1572 quam
517 1502 685 1566 magni
720 1496 851 1551 feles.
928 1502 1008 1550 -De
1041 1497 1114 1549 his
1144 1496 1434 1550 Aristoteles
1463 1497 1653 1551 exiliter
1684 1498 1913 1570 loquitur.
1990 1506 2043 1552 In
2071 1502 2273 1564 Arabia,

335 1578 516 1647 inquit,
555 1592 722 1626 mures
742 1571 976 1625 soricibus
998 1570 1266 1634 auffiores‚
1306 1571 1484 1643 quibus
1516 1590 1654 1625 crura
1676 1578 1841 1643 priora
1865 1574 1943 1644 vel
1961 1575 2113 1645 palmi
2133 1597 2277 1630 men-

335 1650 439 1703 sura
451 1687 466 1711 ,
506 1650 774 1717 posteriora
794 1646 854 1699 ad
872 1651 1091 1717 primum
1111 1646 1246 1714 digiti
1271 1646 1465 1715 nodum
1486 1646 1742 1701 habentur.
2267 1645 2270 1649 ’

466 1721 801 1776 obscuritatis
821 1719 1253 1791 reprehensionem
1273 1724 1323 1772 in
1343 1720 1668 1776 describendis
1691 1720 1900 1791 pedibus
1922 1723 2274 1792 posterioribus

335 1798 432 1868 ipse
456 1800 684 1857 incurrit,
725 1796 1021 1847 dum-nimis
1058 1798 1230 1847 anxius
1258 1794 1428 1847 locum
1457 1792 1752 1863 Aristotelis
1786 1815 1848 1849 ex
1870 1802 1932 1849 H.
1956 1799 2018 1849 A.
2037 1803 2154 1850 VIII.
2190 1812 2272 1856 28.

332 1874 633 1941 interpretari
658 1883 877 1923 conatur.
954 1868 1048 1920 Sed
1068 1873 1105 1921 is
1127 1883 1290 1938 aperte
1312 1884 1572 1937 corruptus
1594 1884 1643 1921 et
1664 1889 1868 1923 mancus
1890 1874 1982 1936 est3
2017 1876 2066 1923 in
2087 1873 2274 1941 pedum

332 1950 466 1998 enim
487 1946 815 2014 posteriorum
835 1943 1157 2011 descriptione
1179 1943 1401 1995 mensura
1424 1942 1557 1995 deest
1581 1944 1843 2006 metatarfi,
1882 1964 2031 2016 quem
2055 1945 2274 2009 Philoso-

330 2019 457 2090 phus
473 2019 622 2086 signat
635 2018 706 2076 his
721 2017 903 2070 verbis:
924 2013 996 2075 τοὶ
1010 2015 1285 2081 δ’ὀπίσθιικ,
1313 2013 1425 2076 ὅσον
1446 2012 1579 2094 ἄχρι
1601 2020 1698 2091 τῆς
1708 2014 1922 2095 πρώτης
1932 2024 2156 2094 καμπῆς
2168 2025 2272 2080 τῶν

333 2091 634 2159 δαχτύλωμ;
672 2097 700 2144 i.
720 2111 760 2144 e.
782 2091 934 2162 pedes
959 2094 1254 2161 posteriores
1275 2090 1457 2145 habent
1478 2095 1578 2144 fere
1607 2093 1961 2161 (longitudinis
1993 2098 2272 2148 mensuram

331 2169 411 2225 hic
433 2186 617 2239 ponere
638 2165 818 2231 voluit)
837 2166 984 2237 usque
1001 2167 1061 2227 ad
1082 2170 1300 2235 primu-m
1319 2166 1589 2234 digitorum
1607 2170 1806 2219 flexum.
1837 2173 1954 2224 Non
1972 2173 2126 2236 magis
2147 2173 2270 2221 inte-

330 2262 477 2311 grum
497 2242 667 2295 locum
687 2260 748 2294 ex
770 2240 957 2293 arabica
977 2241 1198 2294 versione
1220 2240 1379 2310 posuit
1393 2238 1639 2294 Alberws
1649 2247 1795 2311 VLp.
1814 2255 1838 2300 8
1854 2261 1941 2297 ea.
1983 2247 2169 2305 Mure3‚
2195 2247 2271 2295 in-

332 2321 463 2389 quit,
499 2315 636 2370 valde
661 2319 853 2383 magni,
889 2318 950 2366 ita
976 2316 1115 2385 quod
1146 2318 1411 2368 anteriores
1445 2315 1592 2386 pedes
1625 2319 1727 2368 eius
1757 2316 1984 2369 videntur
2004 2317 2268 2389 aliquando

333 2391 426 2443 effe
445 2395 589 2443 unius
606 2390 780 2460 palmi,
818 2404 866 2442 et
884 2392 1175 2457 posteriores
1199 2386 1324 2442 forte
1347 2388 1913 2457 habent'longitudinem
1939 2392 2101 2458 digiti,
2136 2407 2268 2463 ‘quo-

332 2469 464 2518 niam
488 2483 598 2517 mus
617 2464 802 2517 incedit
821 2462 948 2535 quasi
969 2464 1108 2534 super
1129 2478 1290 2517 totum
1314 2482 1424 2516 crus
1446 2466 1700 2533 posterius.
1776 2465 1968 2519 Eodem
1988 2463 2089 2518 fere
2108 2466 2267 2519 modo

330 2539 501 2593 locum
548 2536 691 2591 refert
738 2536 795 2592 V
797 2535 1042 2591 immitius
1071 2543 1198 2591 XIX.
1243 2557 1345 2608 cap.
1385 2552 1500 2596 128.
1599 2543 1731 2592 Vitio
1764 2538 1944 2592 librarii
1983 2539 2267 2610 transposita

332 2612 479 2667 verba
505 2627 553 2666 et
575 2613 728 2683 pedes
749 2626 1053 2682 permutatos
1086 2613 1178 2664 effe
1199 2611 1522 2682 suspicabatur
1543 2611 1617 2666 Cl.
1642 2610 1822 2667 Pallas
1845 2618 1971 2667 Nov.
1993 2618 2130 2683 SpeC.
2151 2607 2267 2667 *Gli-

330 2692 459 2740 rium
492 2706 538 2758 p.
566 2705 685 2750 277.
719 2687 780 2738 de
810 2685 1031 2739 muribus
1065 2685 1232 2753 jaculis
1262 2691 1599 2756 interpretatus
1628 2701 1791 2739 totum
1817 2687 1999 2740 locum.
2075 2694 2266 2741 Verum

329 2763 444 2815 huic
482 2762 734 2830 suspicioni
764 2765 1077 2828 grammatica
1110 2780 1211 2813 non
1242 2760 1448 2821 addicit,
1491 2779 1617 2831 quae
1640 2763 1892 2814 mensurae
1917 2766 2158 2814 rationem
2179 2762 2265 2814 ad-

329 2838 480 2889 ditam
499 2834 941 2907 defiderat3‘atque
964 2854 1026 2891 cx
1040 2834 1137 2887 hac
1167 2833 1262 2888 sola
1287 2835 1467 2904 pendet
1490 2835 2086 2903 interpretatio·animalis,
2120 2836 2263 2908 -quod

328 2926 492 2963 tamen
515 2910 574 2961 ad
595 2908 781 2974 jaculos
817 2913 1057 2979 pertinere
1087 2909 1326 2961 assentior.
1401 2908 1545 2960 Alter
1565 2908 1705 2961 locus
1727 2912 1776 2959 in
1798 2914 1859 2961 H.
1879 2912 1942 2962 A.
1964 2915 2041 2963 Vl,
2071 2917 2148 2971 36.
2171 2926 2264 2962 tra-

329 2984 398 3035 dit
421 3003 583 3036 mures
604 2985 934 3053 Aegyptiacos
956 2982 1063 3053 pilis
1079 2982 1171 3040 effe
1192 2982 1328 3034 duris
1344 2980 1448 3034 fere
1465 2982 1757 3034 echinorum
1779 2988 2074 3039 terrestrium
2098 2987 2265 3044 iustam

329 3058 461 3109 addit
494 3056 612 3109 alios
641 3062 786 3110 etiam
811 3057 931 3118 esses,
982 3076 1081 3110 non
1117 3057 1312 3108 definita
1348 3060 1523 3125 patria,
1563 3060 1646 3127 qui
1674 3056 1880 3126 pedibus
1912 3057 2264 3128 posterioribus

330 3131 559 3186 incedant
590 3130 732 3205 reCii3
774 3135 964 3201 priores
994 3134 1130 3185 enim
1160 3129 1361 3192 breves,
1407 3131 1701 3202 posteriores
1739 3130 1916 3202 longos
1948 3132 2135 3192 adesse,
2188 3145 2268 3196 to-

2060 3220 2269 3277 tumque
