2571 3775
2097 270 2163 360 1-2·

277 435 483 490 Graecis
532 425 789 502 pisciculos
829 422 1091 478 Anchoies
1136 421 1292 477 Gallis
1337 418 1498 476 didios
1553 420 1777 493 appellari
1832 418 2164 499 λυκοστᾶμὸις

275 512 418 563 tradit
453 506 514 560 ad
534 503 801 556 Aelianum
833 496 1053 572 Gyllius.
1150 503 1401 551 Praeterea
1432 494 1720 568 Hesychius
1749 500 1982 565 anguillas
2015 506 2164 555 etiam

274 604 305 638 a
342 582 503 636 nescio
540 594 635 648 qua
680 574 913 644 luporum
962 572 1271 627 similitudine
1314 576 1365 625 in
1409 589 1497 624 ore
1536 567 1850 645 λυκηλοὲτες
1904 574 2163 643 appellatas

274 655 438 710 refert.
495 649 801 703 Scholiastes
823 645 1062 719 Oppiani
1080 653 1111 699 Ι.
1150 653 1275 710 762.
1331 664 1509 716 apuam
1540 646 1751 715 explicat
1782 665 1869 715 per
1905 647 2163 715 engraules

273 745 326 783 et
353 744 533 780 vocem
554 719 785 799 (ἐκπέρα,
827 722 994 776 Οἰοίῖἃ
1008 719 1259 775 Βεῑηεάὶᾶί
1283 721 1412 791 apud
1433 717 1480 774 C
1476 719 1687 790 angium
1699 741 1716 772 .·
1751 719 1929 783 albula,
1952 716 2160 797 ἰχτρὲρω,

275 795 577 871 Eustatlzius
596 798 659 851 ad
672 801 893 850 ‘Homeri
917 796 1182 863 Odyffeam
1205 803 1270 854 Ψ,
1301 794 1583 848 vilissimum
1616 794 1903 865 pisciculum
1932 797 2161 867 appellari

270 876 431 951 ἴκταρ
451 879 543 935 ait,
592 887 641 926 et
657 891 683 925 a
703 872 1258 941 Constantinopolitanis
1284 883 1515 939 corrupte
1546 864 1767 946 κτάρας,
2182 876 2185 879 ’

421 951 653 1019 Apuam,
689 966 753 999 ex
783 964 963 1014 graeco
986 940 1138 1021 οἱφύη
1167 942 1348 998 didiam
1386 949 1624 1017 quoniam
1645 943 1787 995 multi
1817 947 1903 996 viri
1929 941 2064 996 dorsi-i
2096 944 2161 999 ad

268 1041 429 1092 genus
466 1022 750 1092 clupearum
784 1019 1078 1082 retulerunt,
1138 1020 1288 1092 idque
1328 1036 1514 1071 nomen
1549 1036 1667 1069 cum
1699 1016 1916 1087 pluribus
1954 1019 2160 1087 piscium

271 1096 536 1166 generibus
560 1099 760 1150 minutis
790 1097 1217 1147 communicatum
1249 1091 1362 1154 fuit,
1400 1110 1580 1163 operae
1609 1091 1703 1145 effe
1723 1106 1872 1163 puto,
1913 1109 2039 1164 quae
2073 1110 2159 1160 ge-

270 1177 478 1226 neratim
501 1175 689 1225 veteres
715 1170 776 1222 de
797 1187 917 1239 apua
939 1172 1350 1239 pronunciarunt‚
1383 1165 1591 1220 colledla
1617 1166 1696 1220 hic
1721 1185 1923 1238 ponere.
2009 1167 2156 1237 Apua

268 1251 486 1316 primum
510 1264 665 1315 genus
702 1243 903 1316 aliquod
930 1244 1134 1314 piscium
1167 1246 1445 1305 minutum,
1481 1239 1641 1295 subito
1674 1246 1722 1294 in
1762 1245 1884 1295 mari
1920 1259 2156 1312 apparens

267 1335 317 1374 et
340 1324 529 1390 magnis
550 1318 703 1372 turbis
726 1319 932 1372 affluens
948 1356 962 1380 ‚
992 1321 1194 1388 proprio
1226 1320 1462 1378 nomine,
1495 1334 1677 1384 graeco
1698 1311 1833 1390 οἱφύ,
1862 1362 1873 1380 ,
1915 1315 2012 1370 alio
2036 1335 2157 1370 vero

269 1395 331 1448 ab
354 1399 547 1464 origine
565 1392 779 1461 fabulosa
804 1390 982 1452 dudio,
1022 1386 1226 1468 οέφρός,
1276 1392 1442 1461 spuma
1480 1394 1654 1452 maris,
1701 1342 1997 1461 appeslatum
2028 1389 2154 1453 fuit;

269 1471 406 1543 quod
435 1470 613 1529 deinde
642 1465 974 1529 vocabulum,
1027 1466 1130 1519 aliis
1164 1467 1370 1536 piscium
1404 1463 1689 1518 nominibus
1709 1463 2027 1531 adjunctum,
2068 1480 2154 1519 aut

267 1563 447 1613 genera
473 1544 651 1597 diversa
672 1542 876 1613 piscium
897 1545 1110 1602 minuta,
1146 1553 1228 1592 aut
1253 1537 1445 1594 foetum
1468 1558 1647 1592 eorum
1673 1539 1910 1593 nondum·
1931 1538 2154 1594 adultum

267 1614 473 1699 (γόμον)
501 1616 797 1686 significavit.
870 1620 1009 1669 Haec
1029 1613 1171 1668 facile
1192 1614 1395 1683 colligas
1421 1633 1484 1667 ex
1507 1613 1702 1668 claffico
1726 1611 2010 1686 Aristotelis
2033 1613 2152 1669 loco

263 1699 328 1748 H.
350 1696 411 1747 A.
430 1698 506 1747 VI.
531 1713 605 1751 ις.
648 1709 798 1765 quem
819 1694 1037 1761 primum
1061 1708 1273 1761 ponam,
1312 1689 1486 1743 additis
1505 1692 1829 1760 interpretum
1856 1703 1905 1742 et
1928 1702 2154 1745 veterum

265 1782 315 1822 et
334 1772 668 1822 recentiorum
686 1766 946 1819 sententiis.

413 1848 586 1912 Quae,
623 1844 803 1913 inquit,
844 1858 937 1892 nec
966 1856 1122 1892 ovum
1150 1856 1244 1891 nec
1276 1836 1454 1891 animal
1493 1842 1710 1909 pariunt,
1763 1852 1931 1892 ortum
1965 1836 2150 1892 habent

266 1921 435 1972 omnia
466 1921 642 1987 partim
676 1934 737 1968 ex
772 1913 923 1977 limo,
968 1931 1079 1983 pars
1100 1931 1161 1966 ex
1180 1917 1337 1967 arenis
1360 1927 1409 1966 et
1434 1913 1692 1984 putredine
1715 1916 1767 1966 in
1796 1913 1993 1967 summo
2028 1916 2152 1967 mari

267 2009 395 2046 nata.
421 1984 847 2062 (ἐπιπολαξέσης
877 1983 1134 2062 σήψεως).
1210 1988 1373 2042 Veluti
1397 2006 1459 2040 ex
1482 2006 1662 2055 genere
1684 2006 1866 2057 apuae,
1897 2005 2021 2059 quae
2043 1989 2152 2057 spu..

266 2084 347 2119 ma
372 2066 575 2125 dicitur,
615 2064 821 2115 nascitur
853 2081 915 2115 ex
938 2062 1135 2115 arenosa
1160 2074 1315 2124 terra,
1359 2081 1453 2115 nec
1482 2066 1847 2115 incrementum
1876 2065 2004 2131 capit
2032 2081 2148 2131 pro-

265 2140 425 2194 lemVe
459 2139 572 2191 edit.
666 2141 803 2188 Haec
834 2138 941 2207 post
974 2135 1181 2203 longum
1219 2141 1454 2206 temporis
1494 2137 1698 2206 spatium
1731 2139 1854 2206 perit
1883 2150 2029 2207 atque
2057 2135 2147 2189 alia

265 2214 592 2272 subnascitur3
648 2215 808 2282 itaque
840 2210 976 2263 brevi
997 2209 1161 2281 aliquo
1181 2224 1407 2279 tempore
1439 2225 1676 2281 excepto,
1733 2213 1874 2263 omni
1901 2208 2002 2263 fere
2031 2215 2147 2264 anni

267 2290 550 2360 tempestate
590 2289 853 2355 reperitur,
891 2283 951 2337 ab
984 2282 1182 2337 arc‘iuro
1224 2284 1404 2337 scilicet
1446 2283 1717 2338 autumnali
1754 2285 1903 2355 usque
1944 2285 2003 2336 ad
2047 2304 2145 2338 ver.

267 2365 441 2419 Efferri
465 2362 515 2415 id
535 2379 689 2430 genus
716 2359 932 2429 pisciculi
960 2358 1208 2411 interdum
1236 2376 1262 2411 e
1294 2374 1418 2412 terra
1450 2372 1499 2412 et
1534 2356 1751 2411 funditus
1776 2358 1961 2421 subire,
2003 2376 2146 2427 argu-

267 2452 440 2508 mento
483 2455 546 2489 eo
585 2434 926 2502 cognoscitur,
971 2433 1110 2505 quod
1150 2430 1332 2501 frigore
1370 2452 1624 2505 nunquam
1668 2432 1748 2485 sed
1787 2433 1955 2503 tepido
1993 2436 2144 2506 usque

268 2528 495 2583 tempore
529 2514 740 2579 capitur,
796 2523 966 2578 utpote
1012 2507 1150 2580 quod
1185 2508 1247 2561 de
1277 2507 1436 2561 humo
1469 2508 1532 2560 ad
1563 2522 1787 2579 teporem
1822 2506 1933 2563 solis
1966 2507 2158 2562 subeat.‘

267 2591 406 2656 Qin
439 2588 583 2639 etiam
612 2602 714 2656 quo
751 2581 929 2653 pluries
956 2583 1215 2652 piscatores
1247 2582 1407 2636 solum
1431 2580 1614 2636 retibus
1649 2586 1828 2650 agitant
1859 2596 1909 2635 et
1929 2596 2144 2645 verrunt,

269 2681 333 2716 eo
359 2662 495 2732 piscis
524 2657 768 2729 copiofior
795 2671 842 2710 et
864 2658 1042 2710 melior
1062 2658 1232 2710 existit.
1337 2659 1542 2711 Caetera
1578 2671 1745 2709 autem
1774 2674 1926 2728 apuae
1961 2675 2142 2725 genera

268 2737 508 2790 deteriora
527 2735 660 2796 sunt,
701 2735 937 2804 quoniam
958 2731 1177 2785 celeriter
1200 2736 1565 2784 incrementum
1588 2735 1798 2801 capiunt.
1881 2735 2022 2784 Fiunt
2057 2750 2151 2784 au-·

269 2826 372 2865 tem
391 2814 439 2863 in
464 2809 588 2863 locis
633 2805 874 2861 umbrofis
906 2809 1178 2878 apricisque
1210 2809 1403 2878 quoties
1436 2809 1672 2876 temporis
1706 2805 1860 2858 sereni
1893 2805 2152 2859 beneficio

265 2885 428 2939 solum
454 2884 668 2954 tepescit,
706 2896 758 2934 ut
783 2886 833 2934 in
853 2882 1020 2934 Attica
1045 2893 1168 2934 terra
1191 2880 1320 2951 apud
1343 2878 1663 2942 Salaminem,
1695 2894 1745 2932 et
1770 2882 1902 2942 iuxta
1928 2879 2142 2933 Themi-

265 2959 506 3014 stocleum
535 2972 584 3010 et
618 2962 668 3010 in
698 2955 1004 3010 Marathone.
1024 2984 1093 2994 -—
1204 2959 1452 3008 Praeterea
1490 2955 1694 3007 nascitur
1715 2958 1861 3006 etiam
1884 2952 2061 3006 alicubi
2080 2964 2141 3008 ex

265 3037 463 3106 spuma,
488 3050 612 3104 quae
637 3050 700 3084 ex
723 3030 876 3083 multa
902 3047 1025 3102 aqua
1050 3027 1244 3099 pluviali
1270 3028 1478 3083 confistit
1494 3066 1507 3091 ,
1546 3028 1772 3099 ideoque*
1791 3028 1957 3098 spuma
1994 3028 2143 3081 audit.

261 3113 431 3182 fertur
451 3107 575 3162 haec
594 3107 760 3178 spuma
786 3122 939 3180 aquae
958 3104 1181 3177 pluvialis
1204 3104 1457 3159 interdum
1483 3121 1571 3175 per
1595 3103 1847 3156 summum
1870 3121 2023 3164 mare,
2060 3101 2146 3155 ubi

306 3196 309 3200 ’
1316 3180 1360 3233 C
1948 3191 2146 3251 tempus
