2571 3775
1033 340 1326 395 “““““““““““,““
2046 341 2121 394 79

394 460 640 513 Praeterea
660 456 807 508 varias
827 451 1073 520 mugilum
1092 453 1276 524 species
1301 459 1564 508 etnomina
1585 459 1854 526 reperimus
1873 476 1898 511 a
1919 459 2118 528 scripto-

248 529 384 588 ribus
406 535 589 600 graecis
605 527 771 598 polita.
846 523 1059 580 Dorion
1076 546 1100 579 a
1119 527 1324 597 cephalo
1347 530 1541 583 differre
1562 534 1625 583 ait
1638 531 1968 599 cephalinum,
1993 552 2116 585 eun-

248 607 465 677 demque
490 606 636 655 etiam
657 598 885 671 blepfiam
903 600 1012 652 dici.
1053 601 1136 655 ubi
1159 615 1322 654 tamen
1337 601 1664 659 Rondeletius
1685 603 1924 657 blennum
1942 610 2115 675 reponi

248 678 453 733 volebat.
520 674 716 727 Deinde
739 671 1116 745 Euthydemus,
1149 679 1268 728 item
1296 678 1545 741 medicuS,
1578 678 1708 749 apud
1732 675 2045 731 Athenaeum
2067 683 2117 731 in

246 751 372 805 libro
398 750 459 802 de
479 748 768 802 salsamentis
792 750 1120 812 cestrcorum,
1152 751 1337 820 species
1355 755 1418 804 ait
1437 753 1532 806 effe
1555 751 1882 819 didaciyleum
1906 767 1955 805 et
1978 752 2118 823 sphe-

245 841 394 878 neum
424 822 640 884 dietum3
682 823 927 894 spheneos
955 826 1249 949 (σῖθηνέας)
1280 825 1405 894 dici,
1443 826 1569 899 quafi
1605 835 1820 893 cuneos,
1857 826 1993 900 quod
2028 825 2117 880 fint

236 896 442 965 graciles
475 912 523 951 et
542 897 785 970 quadrati,
823 896 1012 964 didadty
1032 918 1118 951 eos
1149 898 1552 970 (ὃιδακτυλέεις)
1583 916 1748 954 autem
1770 901 1906 974 quod
1925 905 2119 969 magni-

236 971 709 1026 tudinemduorum
745 972 1016 1039 digitorum
1054 992 1159 1026 non·
1197 989 1421 1045 aequent.
1531 975 1626 1027 Sed
1656 974 1842 1027 clarum
1871 976 1964 1028 effe
1993 976 2118 1028 haec

237 1062 304 1097 ,ex
330 1045 795 1100 salsamentariorum
816 1061 915 1099 arte
937 1061 988 1099 et
1005 1047 1216 1100 officinis
1236 1052 1381 1117 petita
1402 1047 1638 1101 vocabula
1651 1086 1665 1111 ,
1686 1047 1864 1121 quibus
1880 1050 2116 1102 diversam

240 1118 486 1188 mugilum
508 1120 737 1174 salsorum
757 1133 984 1182 aetatem,
1013 1121 1406 1188 magnitudinem
1428 1137 1476 1175 et
1498 1137 1806 1192 apparatum,
1848 1127 2014 1193 prouti
2034 1136 2117 1175 aut

237 1196 414 1263 integri
437 1209 518 1247 aut
538 1194 717 1249 diffeffi
746 1193 1029 1247 finiebantur
1058 1209 1141 1248 aut
1167 1193 1488 1259 siccabantur,
1522 1196 1853 1265 fignificabant
1874 1212 2118 1251 mercato-

239 1267 472 1341 ribusque
491 1267 767 1322 vendebant
778 1290 792 1330 3
840 1287 1056 1340 quorum
1087 1287 1318 1338 magnam
1349 1276 1544 1341 copiam
1573 1273 1733 1341 posuit
1764 1275 1910 1324 etiam
1934 1269 2116 1326 Xeno-

236 1350 404 1396 crates
431 1346 481 1395 in
511 1349 667 1414 capite
693 1344 755 1396 de
777 1341 1094 1405 salsamenti&
1145 1362 1301 1416 eaque
1322 1363 1473 1398 nemo
1493 1345 1638 1399 simus
1653 1345 1718 1399 de
1739 1345 1932 1400 diverfis
1954 1350 2116 1414 mugi-

239 1414 345 1469 lum
364 1417 612 1487 speciebus
634 1417 1040 1488 interpretabitur.
1114 1419 1380 1488 Epitheton
1398 1420 1598 1487 mugilis
1615 1434 1765 1490 puto,
1798 1421 1936 1492 quod
1957 1422 2116 1491 posuit

237 1486 520 1563 Hesychias
539 1488 747 1560 Atye-1393
794 1495 932 1555 cuius
962 1496 1104 1547 notio
1136 1497 1301 1560 ignota
1336 1496 1436 1553 est3
1479 1497 1598 1546 item
1636 1490 1855 1553 Κόδαλα
1889 1498 2026 1567 quod
2054 1495 2117 1548 de

237 1565 452 1634 cephalo
469 1567 550 1619 seu
574 1573 800 1638 capitone
819 1565 1066 1635 intelligo,
1122 1568 1259 1639 quod
1282 1587 1343 1620 ex
1365 1565 1577 1621 dialecto
1594 1567 1750 1640 aliqua
1771 1586 1942 1637 graeca
1965 1564 2117 1642 Kal-327

237 1653 385 1708 caput
409 1641 597 1694 dicitur.
699 1645 930 1714 Denique
961 1639 1172 1695 Dorion
1203 1642 1332 1712 apud
1360 1639 1674 1696 Athenaeum
1701 1661 1728 1695 e
1760 1647 1917 1712 capite
1950 1645 2119 1695 cestre}

237 1715 472 1767 echinum
495 1719 720 1769 nominat
740 1715 1088 1787 sphondylum.
1123 1713 1205 1769 ubi
1225 1716 1386 1770 echini
1405 1720 1611 1770 nomine
1628 1714 1960 1772 Kondeletizts
1977 1715 2120 1771 intel-

237 1786 323 1856 ligi
344 1789 566 1843 censebat
587 1788 797 1860 lapidem
819 1790 1100 1843 echinatum
1122 1809 1151 1844 e
1172 1790 1380 1844 cerebro
1398 1790 1615 1859 mugilis.
1691 1796 1875 1844 Verum
1900 1791 2022 1844 haec
2040 1795 2118 1845 in·

237 1861 518 1937 terpretatio
552 1864 671 1916 dura
700 1864 977 1918 admodum
1004 1864 1127 1918 mihi·
1152 1865 1354 1936 quidem
1364 1885 1380 1926 3
1435 1879 1629 1935 poterat
1656 1869 1791 1919 enim
1821 1862 2120 1920 Athenaeus

236 1937 437 2004 vulgato
465 1942 668 1992 nomine
694 1938 851 2008 λίθος
880 1938 1148 2010 appellare,
1195 1954 1248 1992 ut
1276 1939 1414 2002 alibi,
1468 1939 1502 1993 fi
1535 1939 1719 2010 lapides
1747 1944 1799 1993 in
1828 1939 2033 1993 cerebro
2065 1955 2119 1993 et

238 2015 397 2080 capite
413 2011 742 2081 plurimorum
761 2014 968 2082 piscium
988 2013 1310 2084 reperiundos
1330 2013 1596 2082 significare
1613 2013 1822 2067 volebat.
1904 2017 2010 2066 Nec
2041 2018 2118 2066 in-

237 2084 387 2153 telligi
409 2089 575 2155 capitis
596 2088 677 2139 seu
698 2086 882 2139 cerebri
906 2086 1088 2157 lapides
1111 2086 1189 2141 vel
1211 2107 1273 2141 ex
1289 2107 1353 2141 eo
1371 2086 1680 2140 manifestum
1700 2088 1794 2141 effe
1813 2103 1954 2158 puto,
1976 2088 2115 2159 quod

237 2158 371 2212 hunc
392 2161 549 2229 ipsum
574 2161 809 2213 echinum
835 2160 1042 2214 Dorion
1063 2160 1195 2233 quafi
1213 2161 1467 2230 vulgatum
1486 2161 1634 2232 paulo
1653 2165 1888 2231 ignotiori
1907 2168 2114 2217 nomine

236 2232 488 2303 appellaffe
516 2234 704 2288 dicitur.
781 2238 926 2289 Forte
940 2238 1100 2304 potest
1122 2235 1325 2289 echinus
1342 2235 1423 2288 ille
1440 2236 1665 2304 intelligi,
1704 2255 1856 2308 quem
1886 2241 1934 2289 in
1955 2241 2116 2308 capite

236 2307 386 2377 plano
408 2326 562 2378 apuae
591 2308 867 2362 Phalericae
898 2306 1189 2365 Kondeletii
1217 2309 1473 2377 (Melette,
1528 2309 1757 2378 Nadelle)
1809 2310 2117 2366 doctissimus

233 2378 332 2436 Du
355 2379 540 2436 Hamel
567 2382 795 2453 ciypeum
826 2382 947 2450 stylo
967 2401 1119 2454 parvo
1147 2388 1491 2452 marginatum,
1530 2384 1726 2438 ovalem
1751 2384 1975 2456 appellat,
2006 2405 2113 2439 me-

236 2455 310 2508 dia
333 2470 468 2525 parte
488 2457 607 2509 radii
627 2461 822 2510 textorii
835 2459 976 2511 instar
996 2462 1256 2512 eminente.
1290 2456 1503 2530 (bctJffOn
1520 2454 1676 2513 bordei
1695 2457 1819 2513 d’mz
1838 2458 1974 2531 petit
1971 2458 2116 2529 filet)

236 2529 413 2583 Traite
432 2530 521 2584 des
539 2530 726 2585 Peches
743 2530 865 2585 Se&⁸
890 2537 959 2583 ΠΙ.
982 2532 1137 2602 Chap.
1161 2538 1254 2586 V11.
1287 2532 1476 2586 Article
1496 2537 1526 2585 I.
1550 2552 1601 2603 p.
1621 2540 1685 2586 26
1696 2554 1743 2593 ς.
1781 2533 1995 2588 Planche
2014 2541 2055 2587 V
2058 2539 2112 2587 11.

231 2604 317 2673 fig.
351 2611 399 2657 6.
478 2603 782 2660 Abdominis
822 2606 1113 2660 denticulata
1144 2611 1302 2660 carina
1331 2607 1392 2660 ad
1419 2606 1646 2678 clupeam
1679 2609 1893 2672 accedit,
1948 2624 1996 2662 et
2025 2628 2109 2662 au-

232 2691 416 2734 tumno
441 2683 581 2749 parit.
611 2677 613 2680 ⁴
694 2679 914 2733 Similem
945 2684 986 2733 is
1016 2680 1244 2752 clypeum
1277 2685 1328 2734 in
1359 2685 1516 2751 capite
1546 2681 1699 2752 plano
1725 2701 1904 2753 apuae,
1959 2703 2111 2755 quam

235 2753 505 2807 atherinam
524 2771 705 2808 vocare
728 2754 918 2808 videtur
938 2752 1294 2818 Rondeletim,
1348 2756 1510 2808 media
1539 2755 1692 2826 clypei
1719 2772 1854 2829 parte
1883 2776 1971 2828 per
1997 2757 2111 2811 lon-

231 2828 507 2895 gitudinem
529 2831 635 2894 ejus
656 2833 904 2884 eminente
927 2828 1212 2893 observavit,
1250 2827 1460 2884 Sestvl.
1499 2830 1659 2901 Chap.
1677 2851 1718 2894 3.
1733 2833 1771 2901 ᾗ.
1793 2852 1811 2883 1
1825 2846 1908 2891 23.
1926 2851 1971 2902 p.
1986 2838 2111 2895 667.

229 2901 444 2956 Planche
466 2906 516 2954 Π.
546 2904 626 2971 fig.
652 2925 667 2955 1
690 2923 730 2956 r.
807 2904 900 2958 Sed
922 2903 1042 2957 haec
1061 2904 1330 2960 abdomine
1351 2904 1600 2958 denticulo
1621 2910 1797 2976 prioris
1820 2921 1963 2969 caret,
1985 2924 2115 2978 con-›-

230 2990 303 3030 tra
319 2974 482 3044 lingua
513 2995 692 3045 magnav
714 2977 1005 3031 denticulata
1037 2978 1243 3047 infignis.
1328 2982 1612 3050 Utrumque
1638 2981 1845 3049 piscem,
1887 2994 1940 3033 ut
1970 2999 2110 3035 nunc

230 3050 437 3103 demum
472 3051 645 3113 video,
672 3070 765 3121 pro
794 3057 935 3119 novis
965 3052 1052 3105 sub
1079 3058 1291 3108 nomine
1338 3057 1617 3121 argentinae
1656 3053 1805 3106 nobis·
1837 3054 2109 3110 venditavit

225 3119 381 3198 Fors
374 3120 459 3180 kefl
471 3126 799 3200 Description.
812 3127 1030 3185 Animal.
1058 3147 1108 3204 p.
1129 3136 1216 3191 68.
1318 3131 1547 3202 Denique
1566 3125 1898 3184 Kondeletius
1910 3147 2102 3257 lapuam

230 3223 232 3228 ·
1881 3221 1909 3259 a
1945 3222 2098 3279 quam
