2571 3775
1203 328 1325 339 nau—-

263 500 295 555 b
376 422 524 481 Ficis
553 422 687 498 quafi
741 399 820 475 ex*
860 414 1042 474 Plinio
1107 415 1261 471 habet
1318 420 1468 472 etiam
1532 416 1838 478 Vincentius*
1888 395 1991 496 cap.
2041 444 2127 495 54.

227 502 261 556 li
299 520 357 556 ro
375 506 523 554 XVII.

380 604 597 663 Trebius
622 597 845 658 Αιιὶῗον.
897 599 1052 672 Apud
1083 597 1411 655 Vimcerztizmz
1436 620 1537 672 cap.
1555 621 1640 668 97.
1680 597 1876 673 Aue'mr
1901 606 2122 666 Gallicus

222 685 290 738 de
320 697 487 736 natura
518 698 686 733 rerum
715 682 801 751 ipa:
834 708 836 710 v
869 674 1087 728 Trebius
1117 677 1186 728 est
1227 677 1366 745 piscis
1395 680 1566 745 niger,
1622 676 1809 746 pedalis
1845 693 2034 732 tantum
2068 685 2120 737 in

225 754 564 825 longitudine,
604 752 791 805 habens
820 765 987 803 tamen
1021 753 1239 822 quinque
1270 751 1449 818 digitos
1477 755 1527 818 in
1560 749 1883 806 craffitudine.
1977 757 2122 809 Hanc

221 835 269 884 ei
291 834 394 883 vim
417 828 563 881 iness'e
588 824 798 881 Plinius
820 828 1014 886 recitat,
1045 838 1099 877 ut
1116 844 1226 894 pars
1250 828 1354 891 ejus
1380 829 1430 879 in
1456 825 1548 879 saie
1569 827 1747 879 servata
1769 846 1960 890 aurum,
1977 830 2120 902 quod

223 909 275 958 in
295 903 550 957 altissimos
570 915 750 972 puteos
789 899 1055 960 deciderit,
1088 899 1288 952 admota
1322 898 1567 962 extrahat,
1610 918 1669 952 ac
1696 901 1934 955 fluc‘iuare
1962 901 2119 960 faciat.

220 983 320 1031 Hic
340 977 567 1031 colorem
592 974 860 1028 candidum
883 977 935 1026 in
958 973 1125 1025 hieme
1149 987 1331 1035 mutat,
1371 976 1607 1029 etaestate
1619 979 1806 1042 nigrior
1823 978 1891 1029 fit.
1970 978 2117 1032 Solus

223 1058 351 1106 inter
383 1070 561 1106 omnes
593 1051 747 1120 pisces
769 1068 832 1101 ex
855 1047 957 1115 alga
991 1047 1208 1102 nidificat
1230 1062 1277 1100 et
1309 1067 1402 1101 ova
1432 1052 1482 1100 in
1503 1049 1624 1101 nido
1642 1054 1780 1118 parit.
1896 1051 2116 1106 Trebius

213 1129 289 1180 est
309 1131 361 1179 in
383 1144 593 1187 oceano,
615 1124 838 1195 quiduro
864 1140 1009 1174 naves
1024 1119 1242 1192 perforat
1260 1124 1431 1177 rostro.
1489 1117 1980 1194 AlbertusXXIV.p.
1994 1143 2116 1191 245.

218 1200 442 1255 Trebius
463 1202 531 1253 est
547 1199 690 1270 piscis
714 1202 852 1266 niger
876 1197 1069 1258 aestate,
1106 1196 1343 1249 candidus
1365 1201 1415 1250 in
1434 1195 1621 1260 hieme,
1658 1211 1714 1250 ut
1735 1198 1853 1251 dicit
1872 1195 2117 1269 Plinium

221 1276 302 1328 sed
329 1278 382 1328 in
413 1293 605 1329 oceano
625 1273 838 1325 efficitur
859 1273 1042 1337 major:
1100 1284 1149 1322 et
1171 1290 1288 1323 cum
1311 1270 1495 1341 pedalis
1515 1274 1609 1334 est,
1643 1273 2000 1342 pinguedinem
2027 1274 2115 1328 ha·-

218 1349 304 1404 bet
335 1368 376 1411 5.
411 1349 712 1417 digitorum,
753 1364 878 1418 quae
898 1344 989 1397 sale
1018 1344 1215 1397 condita
1240 1362 1417 1398 aurum
1440 1364 1502 1399 ex
1520 1350 1657 1417 aquis
1681 1352 1904 1419 quamvis
1925 1346 1972 1400 in
1998 1368 2113 1419 pro-

221 1422 532 1477 fundiffimos
561 1435 739 1493 puteos
770 1419 1032 1481 deciderit,
1073 1418 1307 1472 extrahit:
1356 1433 1405 1473 et
1435 1419 1497 1472 de
1528 1417 1684 1474 fundo
1718 1420 1831 1475 facit
1857 1422 2112 1478 fludiuare.

218 1501 317 1551 Hic
338 1499 478 1569 piscis
500 1516 562 1550 ex
586 1495 689 1564 alga
712 1494 887 1547 nidum
910 1494 1143 1548 construit
1162 1507 1210 1546 et
1242 1496 1292 1546 in
1323 1494 1444 1548 nido
1475 1513 1567 1548 ova
1592 1500 1736 1566 parit,
1783 1510 1831 1549 et
1859 1516 1975 1550 cum
2008 1517 2113 1553 ma-

218 1591 346 1641 gnus
381 1574 448 1626 est
474 1575 525 1625 in
548 1589 741 1625 oceano
773 1569 1050 1622 acutiffimo
1072 1570 1230 1622 rostro
1249 1586 1398 1622 naves
1424 1567 1652 1639 perforat.
1773 1572 1866 1625 Sed
1895 1572 2110 1628 ridiculo

218 1665 388 1700 errore
423 1650 592 1700 omnia
624 1645 745 1698 haec
783 1644 844 1696 ad
869 1642 1134 1714 phycidem
1163 1642 1385 1697 translata
1418 1644 1551 1707 sunt,
1599 1663 1817 1717 quorum
1849 1664 1961 1717 pars
2001 1665 2107 1700 ma-

215 1725 354 1775 xima
387 1739 448 1774 ex
481 1718 679 1773 Trebio
710 1721 892 1786 Nigro,
937 1718 1198 1787 scriptore,
1239 1718 1303 1770 de
1332 1717 1603 1772 echeneide
1642 1718 1817 1783 relata,
1882 1720 2106 1792 phycidis

214 1800 528 1852 mentionem
551 1792 782 1865 proxime
802 1790 1098 1844 antecedunt
1116 1790 1245 1862 apud
1266 1788 1499 1846 Plinium
1519 1798 1601 1846 IX.
1634 1812 1737 1865 cap.
1766 1812 1850 1860 25.

361 1904 514 1960 Cicla.
562 1902 774 1980 Κίχλη,
842 1905 872 1954 i.
895 1918 936 1956 e.
995 1900 1218 1954 Turdus.
1293 1899 1593 1973 Aristoteles
1621 1908 1672 1957 II.
1714 1924 1790 1968 13.
1845 1904 2106 1962 branchias
2159 1920 2200 1968 P.
2222 1936 2314 1970 ιη,

212 1981 448 2052 utrinque
471 1991 729 2050 quaternas
751 1979 958 2044 gemino
980 1976 1181 2038 ordine,
1222 1992 1427 2047 excepta
1451 1976 1618 2031 ultima
1640 1977 1799 2033 habet.
1877 1986 1992 2034 VIII.
2029 2003 2045 2034 1
2063 2002 2107 2045 3.

216 2058 345 2107 circa
369 2054 528 2107 littora
546 2056 598 2106 in
616 2049 825 2121 scopulis
845 2051 994 2119 degit.
1058 2068 1160 2121 cap.
1192 2071 1208 2102 1
1229 2069 1271 2111 ς.
1304 2070 1391 2122 per
1420 2055 1651 2121 conjugia
1682 2053 1846 2107 hieme
1879 2056 2105 2115 condum

215 2142 310 2181 tur.
366 2147 470 2197 cap.
501 2146 581 2190 30,
616 2126 748 2180 turdi
775 2139 823 2178 et
857 2123 1073 2178 merulae
1103 2144 1221 2177 cum
1248 2129 1360 2178 anni
1393 2126 1698 2197 temporibus
1733 2128 1959 2183 colorem
1993 2151 2104 2190 mu—

216 2216 349 2264 tant,
388 2221 504 2255 vere
527 2205 794 2269 nigrioreS,
828 2199 1008 2251 deinde
1034 2198 1315 2253 albedinem
1334 2201 1467 2269 suam
1489 2206 1742 2272 recipiunt.
1833 2209 1980 2258 Hunc
2010 2224 2104 2276 po,-

215 2279 453 2330 firemum
475 2275 645 2329 locum
669 2276 858 2344 repetiit
878 2269 1127 2341 Aelianus
1152 2278 1253 2325 XII.
1280 2286 1362 2332 28.
1446 2280 1583 2330 Haec
1605 2278 1712 2330 sunt
1734 2296 1860 2350 quae
1883 2268 2104 2342 Phiioso}

213 2351 342 2422 phus
373 2351 594 2413 tradidit,
655 2367 717 2402 ex
748 2346 927 2421 quibus
959 2347 1025 2400 nil
1045 2345 1146 2400 fere
1175 2347 1380 2402 definire
1411 2348 1539 2404 licet.
1654 2356 1893 2423 Interpres
1936 2368 2102 2410 tamen

213 2424 437 2480 Gaiiicus
458 2422 644 2480 Cantus
672 2426 813 2493 ponit
840 2425 1061 2492 primum
1082 2441 1199 2475 cum
1234 2419 1291 2477 V
1291 2439 1481 2478 arrum
1506 2444 1694 2479 nomen
1725 2445 1752 2479 a
1774 2427 1955 2482 coloris
1976 2428 2103 2484 fimi-

216 2499 420 2553 litudine
442 2499 703 2553 turdorum
728 2494 1009 2566 impositum
1038 2498 1182 2567 pisci3
1215 2497 1394 2550 deinde
1422 2500 1593 2553 turdos
1615 2507 1887 2568 generatim
1919 2505 2100 2571 griseos

215 2579 266 2628 in
309 2573 508 2645 pe&ore
554 2571 826 2626 maculatos
854 2570 975 2632 effe,
1011 2586 1157 2642 atque
1188 2575 1238 2623 in
1262 2570 1353 2623 hac
1383 2572 1564 2627 coloris
1606 2571 1917 2631 similitudine
1959 2576 2101 2634 iacile

217 2650 435 2718 agnoscit
464 2649 619 2719 pisces
658 2665 685 2701 a
717 2642 811 2700 Du
835 2642 1018 2698 Hamel
1044 2646 1309 2715 descriptos
1340 2651 1492 2701 Partie
1513 2654 1564 2701 II.
1601 2649 1725 2703 Sedt.
1757 2657 1833 2706 IV.
1879 2652 2015 2723 chap.
2058 2673 2100 2717 3.

214 2723 379 2776 article
415 2743 457 2786 3.
484 2722 523 2792 §.
549 2740 592 2774 2.
624 2741 668 2792 p.
696 2739 776 2782 50.
812 2719 895 2773 sub
919 2724 1124 2774 nomine
1147 2720 1337 2789 vulgari
1372 2719 1588 2776 TourAS.
1667 2729 1875 2780 Utinam
1901 2742 2098 2782 restam

211 2802 316 2851 cito
335 2798 481 2868 poffit
506 2796 722 2865 tranfigil
777 2791 1055 2867 Oppianus
1080 2800 1113 2847 I.
1145 2801 1258 2849 126.
1287 2795 1457 2850 turdos
1480 2797 1684 2865 graciles
1716 2797 1983 2878 (ῥωδηιοὲς)
2014 2820 2098 2872 ap-

216 2870 378 2942 pellat.
493 2866 793 2942 Aristoteles
822 2873 872 2922 in
902 2867 1028 2923 libro
1057 2870 1252 2940 perdito
1280 2870 1410 2939 apud
1441 2867 1755 2927 Athenaeum
1782 2880 1878 2927 VII.
1899 2894 1945 2944 p.
1979 2894 2098 2939 305.

217 2950 363 3014 nigro
394 2946 681 3017 punciatum
709 2944 910 2998 turdum
944 2944 1114 3009 tradit3
1146 2941 1574 3004 hinc-Pancrates
1603 2946 1790 3001 ibidem
1813 2945 1988 3009 ἐέιολογ
2014 2954 2096 3018 ie.

215 3025 406 3074 varium
430 3020 600 3073 dixiffe
619 3020 821 3074 videtur.
933 3015 1227 3074 Numenius
1256 3033 1401 3089 poeta
1423 3020 1660 3080 ἁλιειδέοι
1690 3026 1719 3074 i.
1737 3041 1778 3075 e.
1807 3028 1953 3076 maris
1983 3043 2097 3094 pur-

204 3100 355 3166 purei
407 3095 606 3157 colore,
670 3089 1021 3166 Eratosthenes
1078 3089 1327 3171 περκάδα
1376 3094 1560 3153 eodem
1605 3096 1770 3162 sensu,
1811 3091 2100 3154 Pancrate}

1197 3171 1244 3221 Y
1286 3185 1314 3220 2
1887 3174 2103 3247 denique
