2571 3775
894 1015 1042 1081 AD
1120 1013 1766 1082 LECTOREM

626 1177 1152 1251 AEQUUM
1253 1180 1392 1238 ET
1494 1177 2045 1238 DooTUM.

351 1359 471 1514 Is,
510 1373 596 1429 cui
620 1392 817 1430 novam
838 1373 953 1428 libri
975 1372 1248 1428 Artediani
1266 1373 1555 1430 editionem
1577 1374 1858 1434 debemus,
1901 1373 1980 1429 vir
2004 1373 2206 1439 docum,
2242 1373 2310 1431 ad

456 1488 648 1542 operae
672 1469 1114 1525 communionem
1138 1488 1225 1524 me
1250 1487 1568 1539 vocaverat,
1604 1470 1840 1544 mihique
1860 1489 2039 1527 curam
2061 1471 2309 1545 Synony-

354 1584 570 1622 morum
599 1566 1037 1639 corrigendorum
1065 1565 1536 1639 augendorumque
1557 1567 1971 1623 demandaverat.
2049 1566 2175 1639 Qa
2199 1567 2311 1639 qui-

354 1662 478 1718 dem
513 1682 542 1718 a
580 1661 966 1731 communione
1006 1659 1093 1717 etii
1140 1662 1342 1717 animus
1377 1683 1490 1718 non
1530 1662 1871 1728 abhorrebat,
1927 1663 2091 1719 statim
2132 1679 2310 1718 tamen

352 1758 692 1814 animadverti
721 1772 918 1813 tantam
946 1758 1389 1833 Synonymorum
1420 1758 1622 1815 molem
1645 1776 1696 1815 et
1715 1759 2038 1816 vetustorum
2060 1775 2111 1815 et
2129 1777 2310 1814 recen-

352 1855 548 1910 tiorum
569 1874 681 1910 non
701 1851 866 1908 solum
886 1874 914 1909 a
936 1852 1226 1909 studiorum
1250 1873 1498 1911 meorum
1519 1871 1570 1910 et
1587 1861 1843 1929 temporis
1866 1857 2067 1913 ratione
2088 1856 2309 1912 alienam

356 1948 479 2014 effe,
545 1947 631 2005 sed
658 1950 790 2005 vires
821 1949 977 2005 etiam
1004 1950 1199 2024 ingenii
1227 1951 1333 2006 mei
1369 1950 1662 2023 longiffime
1694 1950 1942 2026 superare.
2037 1952 2306 2025 Equidem

352 2045 492 2102 enim
515 2044 644 2099 mihi
661 2041 950 2117 persuasum
968 2044 1231 2102 habebam
1253 2047 1387 2102 varia
1400 2045 1615 2119 piscium
1638 2049 1856 2104 nomina
1876 2046 2144 2103 neminem
2166 2048 2306 2105 refile

351 2141 606 2213 explicare
629 2155 679 2194 et
699 2139 766 2194 ad
784 2137 931 2194 suum
953 2141 1206 2213 quodque
1227 2161 1391 2215 genus
1419 2139 1750 2217 speciemque
1771 2142 1911 2199 suam
1937 2142 2122 2199 referre
2138 2143 2302 2217 posse,

346 2234 437 2292 nifi
462 2236 548 2309 qui
569 2251 772 2308 praeter
798 2219 885 2291 tot
909 2251 1122 2309 tamque
1154 2255 1302 2292 caros
1334 2238 1568 2293 virorum
1599 2232 1882 2295 dofflorum
1909 2239 2070 2295 libros
2098 2241 2304 2296 univer-

346 2331 459 2388 sum
478 2332 764 2387 natantium
796 2349 1007 2404 gregem
1029 2329 1176 2387 fimul
1198 2349 1314 2389 ante
1337 2334 1524 2389 oculos
1546 2333 1806 2396 habuerit,
1840 2351 1993 2408 atque
2015 2336 2208 2409 ubique
2228 2337 2304 2393 vi-

272 2411 283 2423 *
349 2446 532 2484 rorum
568 2427 852 2483 dofiorum
890 2428 1171 2499 opiniones
1213 2445 1368 2502 atque
1416 2431 1771 2503 experimenta
1818 2451 1943 2488 cum
1989 2448 2167 2489 natura
2194 2431 2299 2507 ipsa

348 2522 743 2597 comparaverit.
850 2522 974 2596 Qa
1004 2524 1218 2597 quidem
1247 2524 1486 2582 fortunae
1514 2525 1752 2584 felicitate
1782 2548 1906 2584 cum
1934 2528 2064 2583 mihi
2091 2527 2298 2588 homini

346 2620 729 2677 mediterraneo
773 2620 1058 2675 carendum
1107 2620 1261 2694 plane
1306 2619 1391 2684 fit3
1459 2623 1713 2696 quidquid
1757 2625 1898 2680 enim
1946 2644 2009 2680 ex
2060 2624 2300 2682 universo

340 2714 558 2792 piscium
595 2732 817 2789 genere,
877 2733 1080 2787 praeter
1127 2716 1394 2773 fluviatiles
1431 2735 1482 2774 et
1518 2719 1756 2776 lacustres
1798 2721 2031 2794 vulgares
2071 2721 2297 2784 nostros,

341 2815 470 2869 novi
501 2828 656 2885 atque
688 2812 973 2867 accuratius
999 2811 1217 2885 inspexi,
1257 2834 1370 2869 eam
1403 2834 1621 2871 omnem
1656 2817 1894 2872 notitiam
1920 2816 2091 2872 debeo
2111 2818 2293 2876 huma-

340 2910 486 2966 nitati
514 2926 669 2981 atque
700 2907 950 2988 amicitiae
975 2908 1057 2965 (jl.
1078 2906 1311 2974 Bloclzii,
1353 2912 1438 2983 qui
1472 2912 1809 2968 liberalissime
1831 2912 1958 2967 mihi
1982 2914 2161 2986 copias
2184 2915 2292 2972 suas

293 3020 296 3024 ·
336 3004 567 3063 Berolini
596 3004 960 3059 examinandas
991 3004 1255 3077 perniifit3
1325 3007 1479 3079 igitur
1511 3007 1674 3064 statim
1717 3008 1846 3063 mihi
1889 3009 2019 3065 intra
2052 3027 2290 3067 veterum

332 3100 645 3174 scriptorum
673 3118 983 3172 graecorum
1016 3119 1067 3159 et
1096 3101 1379 3159 latinorum
1412 3106 1619 3162 notitias
1653 3103 2025 3162 subsistendum
2052 3106 2148 3163 effe
2166 3108 2287 3163 vidi.

1344 3219 1367 3263 3
1999 3241 2003 3245 -
2119 3205 2290 3263 Exor-
