2571 3775
424 331 555 384 ⁴1<6

436 456 616 525 ‘egredi
647 447 897 513 interdum
920 449 1161 512 dicuntur.
1186 460 1216 467 ”
1240 461 1380 513 ⁴Hinc
1399 459 1492 521 est,
1531 456 1668 531 quod
1698 448 1946 512 Aelianus
1969 460 2096 511 XVI.
2113 467 2218 527 cap.
2251 464 2331 518 1'8·

448 531 532 584 ubi
557 536 704 586 maris
732 533 883 586 Indici
904 533 1162 604 phalaenas
1187 548 1579 596 commemorat,
1625 551 1729 586 non
1755 536 1804 584 in
1834 531 2016 585 ficeum
2046 532 2214 599 egredi
2250 549 2329 585 eas

449 607 530 660 secl
563 608 757 673 thynnis
791 607 999 661 infidiari
1035 607 1284 660 admonet.
1397 610 1629 678 Denique
1658 607 1794 659 idem
1811 611 1867 658 V.
1891 617 1978 670 48.
2014 605 2156 676 quod
2183 617 2331 675 caput

449 694 615 734 totum
637 700 699 734 ex
715 679 996 750 Aristotelis
1027 686 1089 732 H.
1112 683 1176 735 A.
1205 686 1287 737 IX.
1316 701 1359 731 1.
1395 679 1675 732 traduc‘ium
1695 682 1786 742 est,
1823 679 2059 750 delphino
2078 678 2332 732 balaena-m

449 758 704 826 inimicam
738 755 831 807 effe
853 770 1068 809 annotat.
1183 754 1277 807 Sed
1308 753 1462 823 hodie
1488 754 1607 825 nihil
1636 754 1884 825 ejusmodi
1913 754 2087 822 legitur
2116 758 2164 806 in
2197 752 2333 806 libris

453 829 595 882 editis
614 828 908 898 philosophi.
985 830 1189 883 Constat
1223 831 1370 895 igitur
1397 842 1445 880 et
1465 827 1563 882 hoc
1596 823 1890 897 argumento
1911 827 2224 898 'physeterem
2259 832 2336 878 in-

451 902 601 969 telligi
623 902 861 974 aliquem,
895 902 1137 972 delphinis
1159 903 1560 954 inimicissimum.
1636 898 1984 955 Balaetmmm
2016 921 2181 955 carnes
2202 901 2335 955 sallas

455 991 819 1030 commemorat
837 974 1074 1030 Galenus.
1159 975 1323 1028 Pullos
1353 993 1440 1028 ore
1470 976 1715 1044 susceptos
1741 978 1791 1027 in
1822 979 2000 1028 timore
2034 974 2334 1029 abscondere

455 1050 599 1104 tradit
617 1050 920 1122 Apollonius
940 1051 1070 1121 apud
1090 1047 1477 1120 Plzilostmtzmz.
1551 1082 1553 1084 -
1579 1053 1783 1113 ¹Graece
1816 1049 1992 1101 dicitur
2021 1050 2205 1103 eodem
2244 1055 2336 1103 no-

456 1128 594 1183 mine
636 1143 793 1193 genus
850 1125 1106 1195 papilionis
1161 1122 1493 1187 nocturnum,
1547 1123 1685 1194 quod
1722 1122 1948 1176 rlucernis
1988 1123 2220 1178 advolare
2264 1124 2339 1177 so-

458 1199 553 1263 let,
599 1217 625 1252 a
665 1200 950 1254 candicante
984 1198 1170 1252 alarum
1211 1197 1492 1269 splendore,
1549 1212 1603 1250 ut
1656 1198 1918 1267 suspicatur
1957 1195 2108 1251 (ἴσην.
2153 1196 2336 1269 Gesne-

447 1291 570 1327 ffsz.
649 1274 744 1326 Sed
793 1274 866 1326 alii
909 1276 1239 1342 grammatici,
1291 1290 1418 1343 quos
1477 1270 1695 1325 Tzez‘zes
1747 1273 1986 1344 sequitur,
2048 1270 2339 1342 phalaenam

460 1352 703 1403 marinam
730 1366 918 1402 nomen
948 1348 1062 1401 inde
1090 1346 1326 1416 accepisse
1360 1345 1559 1407 volunt,
1618 1345 1754 1417 quod
1787 1350 1911 1398 mari
1946 1346 2124 1414 egreffa
2159 1350 2208 1398 in
2240 1344 2341 1399 sole

463 1426 666 1491 apricari
689 1422 857 1484 soleat,
893 1423 1138 1489 (tradente
1160 1418 1432 1492 Oppiam)
1459 1434 1514 1473 ut
1529 1420 1714 1489 papilio
1746 1419 1982 1490 phalaena
2015 1419 2179 1472 lucem
2212 1432 2343 1472 amat

462 1495 773 1567 lucernisque
797 1497 911 1550 ideo
941 1495 1151 1549 advolat.
1228 1500 1370 1563 Qiae
1406 1491 1631 1567 profe&o
1660 1495 1729 1548 est
1753 1497 1914 1564 inepta
1945 1494 2139 1565 opinio!
2200 1499 2267 1545 'ln
2287 1494 2345 1546 li-

449 1582 572 1623 ?tore
592 1575 769 1637 Lyciae
782 1607 797 1632 ,
836 1570 920 1623 ubi
942 1569 1213 1623 sacerdotes
1234 1568 1484 1639 Apollinis
1504 1567 1734 1639 projectis
1753 1573 1801 1621 in
1824 1573 1972 1622 mari-s
1997 1572 2243 1638 gurgitem
2263 1568 2347 1621 ali-

463 1662 617 1716 quem
643 1644 854 1698 verubus
889 1665 1003 1698 cum
1030 1644 1152 1697 affae
1177 1648 1334 1696 carnis
1357 1641 1514 1696 frustis
1547 1661 1609 1696 ex
1628 1643 1836 1713 piscibus
1864 1647 2066 1711 auguria
2092 1643 2348 1713 capiebant

467 1733 514 1771 et
535 1718 946 1782 vaticinabantur,
978 1717 1242 1789 apparuisse
1262 1718 1510 1771 interdum
1532 1721 1680 1770 etiam
1713 1717 1936 1788 balaenas
1967 1731 2014 1771 et
2043 1720 2235 1787 pristeS,
2273 1736 2348 1770 re-

415 1848 417 1850 ,
466 1787 558 1846 fert
586 1793 934 1860 Polycharmus
957 1793 1087 1862 apud
1115 1787 1431 1845 Athenaeum
1465 1796 1580 1843 VIII.
1605 1787 1654 1860 p.
1683 1811 1703 1853 3
1719 1810 1740 1853 3
1757 1811 1796 1853 3.
1874 1792 2028 1860 Qod
2050 1791 2134 1844 etfi
2153 1796 2201 1844 in
2223 1795 2349 1844 mari

467 1867 862 1931 mediterraneo,
903 1870 1126 1938 inprimis
1160 1869 1398 1919 Graeciae
1427 1879 1473 1918 et
1495 1863 1638 1918 Afiae
1668 1884 1833 1919 rarum
1861 1868 1954 1928 est,
2007 1864 2350 1935 probabilitate

469 1954 635 1994 tamen
656 1962 760 1996 non
783 1957 940 2004 caret,
980 1941 1012 1994 fi
1032 1939 1264 2008 intelligis
1283 1959 1484 1992 mecum
1503 1939 1823 2010 physeterem.
1908 1938 2105 1993 Auctor
2127 1944 2261 1994 enim
2283 1941 2351 1993 est

469 2010 765 2088 Procopius
797 2015 1001 2070 Gothici
1032 2013 1144 2068 belli
1175 2013 1480 2084 temporibus
1510 2014 1639 2083 apud
1657 2016 1943 2080 Byzantium
1972 2014 2239 2085 apparuisse
2271 2033 2351 2067 ce-

473 2103 584 2142 tum
610 2093 764 2144 mirae
794 2089 1175 2158 niagnitudiniS‚
1231 2107 1382 2160 quem
1421 2087 1515 2150 illi,
1570 2092 1756 2160 inquit,
1809 2088 2116 2158 Porphyrion
2158 2104 2353 2143 vocant.

473 2168 519 2217 is
541 2168 678 2217 annis
701 2168 1049 2237 quinquaginta
1070 2162 1190 2216 locis
1216 2166 1389 2216 vicinis
1421 2161 1741 2215 infestus‘nec
1773 2180 1799 2215 a
1833 2165 2098 2217 Iustiniano
2128 2168 2352 2234 quamvis

476 2238 688 2307 cupido,
721 2243 885 2308 potuit
912 2237 1005 2291 ulla
1043 2241 1232 2290 ratione
1268 2240 1562 2306 expugnari,
1611 2237 1775 2289 donec.
1805 2235 2064 2306 delphinos
2096 2236 2353 2291 inseclatus

476 2312 617 2365 avide
637 2312 760 2365 limo
784 2311 1025 2382 impaclus
1048 2310 1287 2379 explicare
1304 2311 1351 2362 se
1373 2329 1475 2364 non
1498 2314 1684 2380 potuit,
1721 2313 1869 2377 igitur
1885 2310 2081 2365 accolae
2100 2312 2216 2364 hinc
2238 2312 2354 2364 inde

478 2399 789 2438 accurrentes
807 2383 1000 2438 funium
1021 2403 1078 2437 ac
1102 2382 1444 2436 machinarum
1465 2388 1510 2437 vi
1542 2381 1841 2453 pertractum
1876 2388 1927 2437 in
1947 2384 2130 2440 ficcum
2160 2384 2354 2439 cubito-

479 2478 592 2511 rum
629 2462 819 2527 triginta
859 2459 1067 2527 longum
1109 2472 1256 2530 atque
1301 2457 1450 2520 ultra,
1509 2458 1686 2511 decem
1715 2477 1838 2513 vero
1867 2458 2018 2512 latum
2046 2463 2355 2514 invenerunt.

467 2531 829 2588 ·Monstrofiora
849 2546 1006 2586 narrat
1037 2529 1289 2586 Zonaras
1323 2531 1500 2585 Annal.
1523 2537 1623 2585 XII.
1649 2551 1694 2602 p.
1716 2539 1838 2592 608.
1870 2534 1946 2586 ed.
1972 2535 2111 2587 Parisj
2154 2533 2240 2587 sub
2270 2539 2357 2588 Se-

481 2626 601 2661 vero
631 2613 929 2677 Imperatore
958 2621 1123 2660 cetum
1150 2606 1504 2676 praegrandem
1539 2610 1588 2659 in
1615 2608 1825 2675 Augusti
1853 2622 2059 2677 portum
2093 2608 2359 2678 impulfuni

483 2695 533 2734 et
556 2696 753 2751 captum
772 2680 935 2744 fuiffe,
972 2684 1173 2750 ejusque
1196 2680 1413 2747 effigiem
1445 2681 1633 2747 (nescio
1655 2699 1747 2753 qua
1778 2685 1993 2748 ratione)
2019 2680 2199 2734 'fastam
2221 2696 2270 2735 et
2304 2685 2359 2737 in

473 2755 678 2808 *circum
706 2754 957 2808 inductam
991 2758 1343 2827 quinquaginta
1381 2756 1515 2807 ursos
1545 2759 1673 2808 intus
1705 2755 1952 2825 recepisse.
2066 2752 2360 2828 (Juvenalis

485 2829 626 2883 locus
664 2828 844 2883 dubius
897 2832 985 2883 est:
1051 2835 1242 2899 quanto
1268 2824 1549 2899 ‘delphinis
1597 2824 1804 2883 balaena
1843 2825 2133 2883 britannica
2173 2831 2360 2902 major.

486 2907 656 2957 Potuit
676 2908 810 2958 enim
842 2908 882 2957 is
906 2903 1158 2957 balaenam
1189 2903 1400 2956 nostram
1434 2903 1624 2964 dicere,
1669 2905 1928 2974 postquam
1958 2908 2198 2956 Britannia
2229 2904 2361 2958 illius

488 2995 610 3030 aevo
631 2982 866 3032 Romanis
888 2981 1043 3047 magis
1068 2974 1449 3044 fueratcognita.
1528 2977 1746 3030 Belluam
1772 2977 1923 3030 hodie
1949 2975 2255 3049 Capidoglio
2277 2979 2360 3030 seu

492 3052 804 3119 Capitoleum
835 3052 1014 3105 didlam
1036 3050 1188 3119 vulgo
1208 3069 1230 3102 a
1258 3054 1461 3104 Graecis
1481 3052 1590 3104 suae
1613 3050 1778 3107 aetatis
1800 3056 2002 3125 antiquo
2021 3056 2226 3108 nomine
2246 3051 2365 3122 pha-

490 3122 682 3183 laenam
713 3131 983 3200 nuncupari
1003 3127 1252 3183 annotavit
1271 3121 1338 3200 P...
1366 3122 1586 3198 Gyllius.

2099 3193 2366 3271 Φύσοιλος,
