2571 3775
1030 333 1322 356 ---
2053 326 2124 384 εἴ

236 460 309 513 {it
338 456 400 510 de
421 453 582 508 anthia
602 445 806 504 Plinius
829 445 998 507 tradit,
1033 460 1180 517 atque
1198 449 1250 498 in
1270 464 1389 498 eum
1408 448 1643 500 convenit
1666 452 1811 502 etiam
1827 486 1841 511 ,
1877 448 2014 521 quod
2035 465 2120 501 an-

251 531 407 586 thiam
438 523 657 591 Hicefius
684 521 812 590 apud
847 517 1163 573 Athenaeum
1188 525 1310 573 VIII.
1351 539 1395 590 p.
1424 533 1543 579 282.
1583 520 1950 587 cartilagineum
1981 524 2118 575 dixit.

251 605 346 658 Sed
370 613 523 654 totam
543 596 669 646 hanc
693 594 1070 662 disputationem
1099 593 1161 646 ad
1183 592 1427 663 liquidum
1446 595 1718 664 perducere
1750 594 1831 646 hic
1859 615 1962 648 non
1991 595 2118 647 licet.

249 684 323 732 Ex
342 670 639 739 argumentis
661 665 814 721 allatis
841 671 987 737 periti
1013 666 1203 733 judices
1225 666 1367 720 facile
1396 671 1663 738 opiniones
1689 671 1915 722 virorum
1942 668 2119 722 doflo-

249 768 359 803 rum
383 740 686 811 judicabunt.
1804 806 1807 807 γ

391 811 625 891 Σκάρος,
660 818 846 866 Scarus.
890 811 1176 881 Aristoteles
1199 817 1263 866 H.
1282 814 1343 866 A.
1377 818 1428 866 11.
1452 832 1525 876 ¹3·
1563 818 1708 870 Binas
1727 819 1957 888 utrinque
1979 814 2119 868 bran-

243 893 377 945 chias
397 890 648 960 duplicem
670 906 848 949 unam,
894 885 1097 940 alteram.
1123 887 1393 958 simplicem
1420 887 1602 942 habent
1632 889 1819 958 co‘nger
1849 905 1899 943 et
1934 891 2118 951 scarus3

239 980 430 1036 praeter
449 963 653 1033 piscium
671 960 798 1015 solus
819 961 978 1015 scarus
999 962 1172 1015 dentes
1199 982 1303 1016 non
1325 961 1473 1014 habet
1491 963 1710 1017 serratos,
1748 969 1803 1016 Π.
1834 983 1913 1026 17.
1984 970 2137 1017 Ven-‘

238 1053 314 1092 ter
346 1037 559 1109 piscibus
577 1055 709 1089 unus
727 1048 776 1087 et
805 1033 1033 1104 simplex,
1069 1035 1153 1087 sed
1174 1037 1330 1103 figura
1351 1039 1481 1087 varia
1504 1038 1604 1095 est3
1652 1036 1902 1090 nonnullis
1931 1038 2116 1091 diversa

240 1117 452 1167 omnino
478 1112 668 1180 species
684 1111 867 1161 ventris
888 1109 982 1170 est,
1019 1122 1074 1160 ut
1095 1112 1140 1160 ei
1164 1127 1316 1179 quem
1338 1109 1528 1162 scarum
1547 1127 1754 1173 vocant,
1790 1114 1874 1183 qui
1897 1125 1946 1163 et
1964 1114 2118 1162 riuni-

238 1204 356 1240 nare
376 1185 504 1239 solus
518 1185 725 1254 piscium
746 1181 975 1234 creditur.
1039 1186 1291 1252 Deinceps
1306 1181 1472 1252 plures
1492 1183 1555 1235 ad
1571 1182 1800 1253 pylorum
1821 1185 2117 1255 appendices

237 1262 451 1312 intestini
472 1259 653 1311 habere
671 1256 849 1308 dicitur
872 1258 1025 1308 etiam.
1040 1257 1217 1326 sparus.
1293 1256 1387 1308 Sed
1411 1256 1589 1310 Codex
1604 1258 1845 1312 Canifiani
1870 1278 1987 1311 cum
2013 1258 2118 1310 edi-

238 1338 376 1387 tione
397 1331 604 1393 Aldina,
641 1344 808 1383 vetere
832 1326 1053 1382 versione
1077 1344 1125 1382 et
1145 1328 1302 1384 Gaza
1321 1334 1581 1384 nominant
1612 1333 1813 1385 scarum.
1898 1338 1977 1386 De
2007 1338 2119 1385 Par-

237 1408 370 1461 tibus
396 1412 466 1459 ΙΙΙ.
489 1416 567 1470 ι4.’
588 1422 749 1473 genus
765 1420 882 1457 vere
904 1405 1186 1456 universum
1206 1406 1413 1473 piscium
1424 1405 1610 1458 serratis
1624 1406 1853 1459 dentibus
1867 1409 1960 1467 est3
1997 1426 2118 1477 pau-

241 1485 311 1537 cis
337 1497 506 1536 tamen:
525 1478 698 1532 diversi
717 1479 850 1539 sunt,
890 1493 944 1531 ut
963 1477 1126 1538 scaro,
1165 1482 1250 1548 qui
1280 1493 1538 1548 propterea
1567 1479 1696 1533 solus
1728 1484 1981 1534 ruminare
2009 1499 2118 1532 cre-

238 1557 382 1609 ditur.
457 1559 573 1608 VIII.
599 1573 643 1605 2.
671 1550 952 1605 melanurus
979 1566 1026 1603 et
1050 1553 1215 1604 sacrus.
1241 1551 1347 1619 alga
1365 1553 1649 1615 vescuntur,
1697 1554 1900 1607 deinde:
1955 1555 2120 1608 scarus

222 1630 367 1684 »splus
391 1630 597 1700 piscium
617 1628 863 1679 ruminare
889 1625 1104 1678 creditur
1126 1644 1270 1678 more
1289 1626 1675 1699 quadrupedum.
1771 1627 1986 1700 Aliquos
2017 1630 2115 1680 sca.-

236 1724 351 1758 rum
367 1723 397 1756 a
418 1704 749 1755 ruminatione
769 1698 1021 1770 appellass'e
1048 1693 1283 1774 μήρυκοι,
1346 1718 1621 1766 merycem‚
1689 1716 1891 1756 annotat
1931 1704 2113 1756 Histor.

234 1776 452 1832 Animal.
473 1781 555 1828 IX.
582 1793 667 1834 50.
693 1772 782 1825 ubi
798 1772 954 1826 verfio
985 1776 1171 1825 vetusta
1200 1771 1421 1846 Myrix,
1453 1775 1633 1828 Codex
1657 1776 2112 1853 MediceusNbggJur.

234 1856 335 1913 κᾶν
377 1848 613 1921 appellat,
655 1865 806 1919 quam
843 1847 1046 1919 quidem
1080 1845 1346 1901 lethonem
1374 1847 1627 1918 analogiae
1658 1849 1787 1903 bene
1814 1852 2130 1921 responden-'

235 1941 342 1979 tem
365 1926 530 1985 video,
553 1926 701 1991 igitur
720 1939 890 1974 veram
909 1936 1045 1992 puto.
1078 1926 1160 1973 IX.
1183 1940 1262 1983 37.
1338 1926 1553 1992 Euripus¹
1574 1925 1840 1991 Pyrrhaeus
1858 1925 2005 1978 Lesbi
2035 1929 2111 1978 in-

232 1999 361 2053 fulae
388 2012 518 2051 caret
538 1999 691 2058 scaro,
715 1994 873 2047 thrissa
894 2010 942 2048 et
961 1994 1166 2066 reliquis-
1180 1995 1378 2065 spinosis
1401 1996 1624 2066 piscibus.
1654 1999 1832 2052 Codex
1851 2000 2114 2053 Mediceus

232 2075 430 2141 sargum
448 2074 684 2124 nominat.
761 2066 1038 2139 Oppianus
1061 2074 1092 2120 1.
1124 2089 1140 2119 1
1159 2088 1238 2131 34.
1279 2085 1444 2140 petras
1473 2070 1705 2125 herbolas
1735 2071 1949 2126 habitare
1979 2077 2111 2126 canit

230 2149 422 2201 scarum
439 2151 566 2197 inter
585 2144 739 2214 pisces
764 2141 924 2195 (olum
942 2141 1170 2196 vocalem
1193 2157 1240 2195 et
1264 2147 1594 2198 ruminantem
1614 2145 1766 2199 cibos.
1858 2144 2109 2201 Marcello

234 2222 397 2274 Sidete
416 2220 555 2272 versu
588 2236 662 2281 19.
695 2217 853 2269 scarus
873 2215 1244 2269 floridusaudit.
1322 2214 1598 2288 Oppianus
1617 2219 1701 2272 ubi
1722 2226 1802 2273 IV.
1825 2239 1894 2283 40
1921 2216 2111 2293 etseqq.

235 2310 486 2366 capturam
524 2293 774 2345 scarorum
811 2304 1046 2352 enarrat,⁴
1073 2293 1269 2342 varium.
1301 2292 1440 2360 piscis
1485 2296 1744 2360 ingenium
1776 2292 1915 2346 fimul
1946 2296 2108 2358 tradit,

232 2367 521 2440 punQatum
552 2358 816 2432 (στικτόν)
845 2364 928 2416 seu
952 2367 1253 2431 variegatum
1276 2364 1534 2433 appellans.
1611 2369 1743 2421 Cum
1762 2367 1934 2439 aliquis
1955 2369 2108 2423 hanno

232 2458 404 2513 captus
421 2441 619 2500 haeret,
651 2439 902 2492 sociorum
926 2457 1057 2491 unus¹
1075 2442 1284 2490 accurrit
1303 2438 1581 2511 lineamque
1603 2440 1829 2494 dentibus
1858 2441 2106 2497 abscindit.

231 2517 412 2585 (Versu
437 2516 547 2581 45.)
587 2517 719 2580 Ergo
753 2514 805 2563 in
847 2529 996 2579 grege
1036 2524 1212 2565 natan-t.
1263 2513 1458 2565 Deinde
1489 2533 1606 2566 cum
1639 2519 1690 2567 in
1722 2515 1905 2568 naffam
1935 2518 2106 2571 incidit

232 2594 418 2651 scarus,
453 2588 717 2641 retrorsum
739 2584 935 2638 eluctari
958 2590 1117 2657 cupit,
1151 2585 1302 2638 cauda
1330 2587 1471 2641 sociis
1499 2587 1703 2641 obversa
1726 2608 1820 2660 qua
1850 2591 2111 2646 mordicus·

229 2664 522 2737 apprehensa
544 2664 791 2731 captivum
811 2659 1083 2713 extrahunt.
1160 2663 1390 2732 Denique
1419 2659 1658 2715 feminam
1680 2663 1836 2717 hamo-
1851 2679 1932 2717 aut
1949 2666 2107 2720 naffae

227 2741 437 2793 inditam
457 2733 794 2805 maresplures
817 2734 990 2804 cupide
1010 2734 1161 2787 secuti
1181 2731 1320 2785 facile
1334 2738 1782 2804 capiunturamore.
1820 2740 1968 2790 Versu
1990 2761 2002 2790 π
2026 2761 2040 2790 1
2061 2759 2102 2801 3.

229 2815 389 2868 scarus
419 2806 676 2891 γλαγόεις
713 2807 995 2877 appellatur,
1036 2808 1085 2860 id
1127 2809 1194 2860 est
1224 2806 1433 2870 latiens,
1470 2809 1581 2862 alibi
1608 2808 1803 2880 βαλιὸς
1843 2826 1891 2864 et
1922 2809 2100 2882 εὲιόλος·

227 2891 259 2941 i.
286 2905 327 2939 e.
352 2892 524 2939 varius.
599 2889 735 2935 Haec
759 2886 926 2935 omnia
951 2900 1012 2934 ex
1043 2877 1295 2952 Oppiam
1321 2885 1514 2952 repetiit
1539 2882 1776 2938 Aelianus
1799 2885 1826 2936 l.
1848 2905 1886 2936 c.
1917 2905 1960 2937 2.
1983 2902 2029 2938 et
2046 2906 2097 2953 4.

227 2975 282 3014 ut
306 2976 354 3013 et
383 2962 766 3014 ruminationem
790 2957 907 3008 scari
942 2960 993 3007 Π.
1024 2975 1101 3018 54.
1154 2973 1216 3008 ex
1244 2952 1434 3009 Ovidio
1472 2954 1673 3009 Plinius
1703 2963 1903 3011 XXXII.
1924 2978 2025 3029 cap.
2052 2978 2098 3012 ρ.

223 3044 427 3091 Scarum
449 3034 645 3086 inescari
669 3029 828 3082 scribit
852 3049 914 3085 ex
942 3031 1163 3083 Leonida
1192 3035 1314 3094 Byza
1354 3036 1461 3083 fao
1484 3031 1745 3084 coriandro
1777 3046 1824 3084 et
1843 3050 1995 3102 porro
2023 3037 2096 3088 se-

220 3112 368 3167 έὶὶνο.
442 3110 574 3162 Scari
593 3109 728 3174 jecur
749 3102 960 3158 astericis
978 3105 1169 3164 mederi
1191 3105 1358 3177 nescio
1380 3104 1512 3160 unde
1533 3104 1677 3158 tradit
1697 3110 1826 3161 XIV.
1849 3124 1894 3159 2.

1202 3182 1247 3232 L
1294 3197 1319 3241 3
1881 3177 2093 3237 Plinius
