2571 3775
2084 327 2121 376 ·3
2135 319 2165 381 5ss

272 443 480 515 quidem
499 436 738 495 diversitas
749 433 1119 490 excusationem
1141 438 1396 504 egregiam
1419 437 1614 506 optimo
1624 436 1919 510 philosopho
1940 439 2159 512 praebet,

277 523 358 571 cui
385 518 577 587 plurimi
601 514 861 582 hucusque
878 514 1101 581 ineptum
1126 506 1379 564 Athenaei
1398 529 1622 567 errorem
1643 516 1968 582 imputarunt,
1998 520 2081 587 qui
2104 520 2157 570 in

275 587 549 644 ventriculo
582 585 808 662 (κοιλίᾳ)
845 583 989 639 fitum
1029 585 1233 654 peffime
1268 584 1478 638 tradidit.
1561 585 1731 639 Voluit
1759 590 1904 654 igitur
1935 588 2153 644 Philoso-

277 664 401 733 phus
433 660 700 728 significare
724 659 855 712 afino
889 659 1002 728 pisci
1023 677 1110 712 cor
1151 676 1254 712 non
1290 672 1391 710 tam
1420 673 1575 729 prope
1616 679 1704 722 οε,
1741 660 1822 713 sed
1862 660 2152 732 profundius

275 734 417 789 litum
445 734 552 786 effe.
628 736 735 787 Nec
762 737 826 786 ita
850 751 976 803 opus
1002 736 1070 787 est
1096 734 1435 803 excnfizstone,
1468 751 1562 805 qua
1599 748 1769 788 contra
1798 731 2153 790 Bondeletium

275 812 423 861 utitur
454 804 730 862 Severinzaes
748 811 797 860 in
815 810 1082 861 Zootomia
1110 826 1154 878 p.
1184 827 1245 874 14
1262 826 1299 860 r.
1346 807 1676 861 Pericardium
1708 812 1748 862 is
1781 807 1976 874 volebat
2011 809 2150 875 intel-

272 881 386 950 ligi,
419 901 521 955 quo
549 881 709 935 solum
731 886 857 934 inter
883 882 1034 952 pisces
1054 881 1252 934 asellum
1276 881 1492 949 gaudere
1515 885 1592 935 ait.
1668 880 1992 939 Xenocrates
2017 883 2149 939 solos

267 956 438 1010 asellos
473 961 695 1010 nominat
727 974 828 1027 cap.
870 975 946 1020 14.
1040 952 1264 1010 Ovidius
1296 956 1509 1010 Halieut.
1549 974 1664 1018 133..
1703 956 1837 1011 litora
1876 973 1959 1010 aut
1988 973 2148 1028 petras

268 1047 433 1083 amare
454 1034 580 1083 canit
606 1045 705 1083 tam
739 1028 948 1084 deformi
976 1048 1079 1083 non
1109 1030 1313 1097 dignum
1347 1033 1552 1083 nomine
1584 1029 1799 1084 asellum.=
1906 1028 2150 1104 Hqsyclzii

268 1108 493 1158 Lexicon
543 1104 607 1158 de
639 1105 814 1159 oniscis
851 1103 1000 1156 habet
1043 1103 1257 1183 γαλιόιχ,
1300 1103 1596 1185 γαλαριόις,
1637 1105 1929 1181 καλαρίειςη
1991 1109 2054 1158 ita
2094 1118 2147 1159 ut

267 1179 496 1249 scriptura
527 1182 623 1243 jam
655 1178 778 1233 olim
803 1179 996 1232 variaffe
1026 1177 1259 1231 videatur.
1339 1183 1588 1231 Praeterea
1615 1176 1821 1233 Dorion
1838 1179 1967 1249 apud
1982 1174 2145 1234 Athe-

264 1269 441 1307 naeum
465 1258 535 1305 111.
559 1272 603 1324 p.
635 1274 649 1306 ι
672 1275 684 1306 ι
704 1267 748 1314 8.
788 1252 1032 1306 chellaren
1054 1252 1271 1305 eundem
1290 1252 1384 1305 effe
1406 1256 1497 1314 ait,
1533 1256 1619 1325 qui
1638 1252 1751 1306 alias
1771 1252 1937 1321 asellus
1960 1269 2008 1308 et
2030 1252 2143 1308 bac-

263 1327 388 1380 chus
413 1327 690 1398 appelletur.
766 1327 978 1380 Accedit
996 1344 1123 1380 nova
1150 1324 1389 1380 dubitatio
1411 1345 1474 1379 ex
1494 1323 1687 1381 Galeno
1716 1327 1779 1380 de
1804 1327 2040 1382 Aliment.
2071 1328 2141 1383 fa-

265 1401 379 1454 cult.
406 1407 478 1454 111.
507 1421 527 1461 3
547 1422 586 1453 1.
620 1401 704 1455 ubi
731 1419 794 1454 ex
815 1401 1078 1455 Philotimo
1098 1400 1298 1454 medico
1322 1400 1644 1469 galeonymos
1665 1406 1789 1455 inter
1819 1403 1969 1473 pisces
1991 1404 2141 1458 durae

256 1481 421 1529 carnis
441 1476 668 1530 recenset.
743 1479 938 1538 Monet,
961 1479 1011 1528 in
1032 1474 1299 1529 Philotimo
1325 1494 1417 1546 pro
1431 1475 1735 1543 galeonymis
1748 1475 1896 1530 libros
1914 1477 2034 1531 alios
2053 1496 2140 1546 ga-

265 1548 351 1603 leis
371 1552 601 1621 scriptum
631 1549 838 1613 habere,
863 1550 1124 1622 additque:
1168 1549 1493 1604 mustelorum
1526 1549 1791 1628 (γαλεῶν)
1827 1569 1928 1613 non
1954 1570 2048 1605 una
2069 1554 2138 1607 est

261 1624 458 1695 species.
510 1642 625 1677 nam
650 1629 733 1697 qui
753 1625 893 1695 piscis
920 1624 1050 1694 apud
1071 1628 1325 1678 Romanos
1357 1627 1406 1676 in
1431 1629 1655 1678 maximo
1669 1626 1738 1678 est
1768 1629 1951 1695 pretio,
1983 1645 2135 1699 quem

249 1699 501 1767 [galaxiam
520 1698 786 1769 appellant,
823 1718 887 1751 ex
906 1716 1086 1766 genere
1108 1700 1175 1751 est
1192 1697 1532 1760 mustelorum‚
1567 1702 1652 1771 qui
1677 1717 1741 1752 ne
1759 1703 1808 1753 in
1826 1718 2006 1768 graeco
2028 1705 2136 1774 qui-

258 1773 378 1826 dem
411 1778 533 1826 mari
571 1792 781 1845 usquam
812 1773 937 1826 nasci
972 1773 1189 1833 videtur3
1241 1791 1366 1845 quae
1393 1773 1531 1826 causa
1564 1775 1633 1826 est
1660 1792 1748 1826 cur
1771 1789 1818 1827 et
1843 1774 2134 1831 Philotimus

250 1848 414 1917 ipsum
436 1848 674 1916 ignorasse
697 1847 930 1901 videatur.
968 1852 1028 1900 Et
1048 1846 1198 1920 liquet
1220 1848 1330 1900 sane
1354 1846 1600 1900 celebrem
1627 1847 1767 1902 illum
1790 1849 1918 1920 apud
1949 1854 2132 1904 Roma-

260 1938 353 1975 nos
386 1922 625 1990 galaxiam
661 1926 711 1975 in
743 1941 922 1976 eorum
959 1940 1172 1975 numero
1213 1920 1308 1975 esse
1339 1919 1654 1984 habendum,
1693 1926 1778 1995 qui
1808 1923 1948 1978 molli
1985 1943 2133 1979 carne

258 1998 507 2056 constant3
545 1996 715 2068 reliqui
746 2016 866 2050 vero
893 1995 1082 2050 musteli
1106 1996 1224 2048 dura
1250 2000 1403 2064 magis
1427 2014 1571 2049 carne
1591 1997 1698 2049 sunt
1723 1997 1938 2065 praediti.
1992 2003 2130 2059 VHoc

256 2073 304 2121 in
327 2069 443 2124 loco
467 2069 711 2128 dubitatur
730 2075 947 2139 primum
971 2089 996 2122 a
1021 2074 1134 2123 viris
1155 2069 1331 2132 dodiis⁹
1363 2087 1422 2122 an
1442 2069 1652 2137 galaxias
1673 2071 1807 2123 idem
1830 2070 1883 2126 fit
1904 2090 2020 2126 cum
2042 2092 2128 2142 ga-

256 2142 396 2204 laria3
436 2144 612 2196 deinde
627 2150 887 2206 incertum,
902 2163 1023 2196 num
1033 2142 1199 2211 galeos
1212 2145 1292 2196 seu
1304 2143 1536 2197 mustelos
1557 2164 1618 2198 ex
1630 2143 1912 2216 squalorum
1927 2165 2127 2215 genere,

256 2236 315 2270 an
354 2218 566 2298 γαλέχς
601 2218 681 2270 seu
720 2218 905 2297 γαλαῖς·
952 2222 980 2270 i.
1004 2235 1045 2270 e.
1093 2216 1319 2270 mustelas
1356 2217 1555 2286 intelligi
1607 2219 1818 2272 voluerit
1860 2217 2128 2276 Galenus?

254 2292 440 2361 Galeos
465 2296 760 2362 interpretari
789 2290 1072 2364 squalorum
1102 2296 1294 2359 generis
1326 2290 1486 2362 plures
1518 2296 1730 2346 rationes
1761 2293 2021 2364 prohibere
2054 2300 2125 2349 vi-

251 2366 452 2427 dentur3
493 2367 554 2419 de
577 2366 791 2419 mustelis
813 2384 930 2419 vero
955 2365 1074 2419 alius
1096 2370 1289 2433 generis
1309 2365 1427 2418 nihil
1448 2384 1541 2420 nos
1564 2381 1786 2419 veterum
1801 2366 1907 2420 libri
1926 2369 2123 2423 docent.

253 2437 585 2496 Roazdeletius
616 2444 740 2494 inter
764 2442 1036 2493 sturionem
1059 2439 1413 2493 etmerlucium
1431 2438 1678 2493 fludiuavit
1696 2445 1745 2495 in
1760 2444 2124 2513 interpretando

251 2511 545 2585 Aristotelis
564 2514 710 2568 afino.
785 2516 1021 2583 Qlaestio
1041 2513 1247 2567 difficilis
1270 2518 1480 2568 omnino
1506 2517 1575 2569 est
1584 2552 1600 2578 ‚
1640 2533 1732 2568 nec
1752 2513 1890 2570 facile
1915 2516 2126 2572 aution-

254 2588 429 2642 tatibus
463 2589 722 2660 hucusque
755 2593 883 2641 notis
917 2588 1209 2641 definienda.
1301 2587 1527 2641 Merlucii
1560 2593 1689 2643 notis
1719 2590 1837 2643 nihil
1870 2590 2011 2661 plane
2048 2611 2123 2646 re-

253 2663 338 2733 spo
358 2664 459 2716 idet
477 2667 526 2716 in
547 2662 643 2717 loci
691 2661 982 2732 philosophi.
1092 2661 1349 2716 Callariam
1378 2667 1636 2716 nominant
1662 2663 1913 2737 hodieque
1941 2669 2120 2721 Graeci

252 2740 464 2807 piscem,
507 2740 590 2810 qui
611 2755 636 2789 a
695 2737 824 2789 Gadi
845 2755 905 2789 an
928 2735 1115 2789 Blennii
1134 2755 1289 2804 genus
1310 2735 1591 2791 referendus
1619 2753 1701 2791 aut
1718 2739 1785 2791 sui
1811 2739 1951 2809 plane
1971 2759 2121 2809 gene-

252 2817 315 2865 ris
339 2813 477 2882 piscis
503 2811 762 2882 ponendus
791 2810 872 2872 fit,
905 2809 1152 2877 dubitabat
1191 2805 1416 2882 Forskb'l
1445 2812 1677 2882 Descript.
1708 2813 1925 2867 Animal.
1971 2834 2017 2885 p.
2039 2832 2120 2879 23.

249 2888 484 2938 Attamen
507 2885 759 2956 paululum
785 2885 1026 2937 diversum
1066 2887 1133 2938 est
1160 2903 1342 2939 nomen
1385 2880 1672 2961 Σαλάριει.’

399 2956 726 3014 Bor-hotham
772 2956 830 3013 V
830 2956 1043 3031 intentio
1063 2963 1206 3012 XVII.
1231 2977 1330 3028 cap.
1361 2976 1437 3020 κς.
1470 2959 1685 3012 fluviales
1714 2961 1865 3029 pisces
1898 2963 2119 3029 anguillis
2161 2967 2242 3011 No.
2271 2984 2283 3013 ι
2293 2983 2331 3024 3.

247 3032 450 3095 fimileS,
489 3032 701 3086 lubricae
726 3034 831 3085 sunt
863 3047 910 3086 et
939 3038 1250 3086 excoriantur
1278 3047 1331 3084 ut
1369 3031 1621 3100 anguillae.
1700 3037 1910 3087 Corium
1938 3034 2120 3090 habent

248 3113 446 3178 nigrum
499 3122 547 3163 et
581 3109 662 3162 esu
709 3106 880 3171 dulce,
928 3106 1152 3179 ethepar
1182 3124 1296 3179 prae
1325 3105 1561 3161 omnibus
1602 3105 1811 3177 piscibus
1856 3109 2039 3238 melin}
2071 3125 2120 3164 et

1291 3185 1329 3234 E
1372 3197 1400 3231 2
1960 3190 2003 3237 ei
2044 3202 2120 3238 ca-
