2571 3775
1055 328 1353 358 ''¹⁸‘’-
2072 336 2146 389 39.

266 477 389 516 vero
408 455 731 527 generationis
755 449 859 516 ejus
879 446 1017 521 quod
1037 460 1243 501 vocatur
1268 446 1551 499 intestinum
1576 456 1731 499 terrae
1749 444 1843 501 five
1857 446 2147 513 lumbricus,

267 536 637 603 generationem
665 524 812 578 habet
834 521 1042 578 similem
1066 523 1374 588 generationi
1392 519 1604 574 aliorum
1634 525 1880 575 vermium
1900 551 1969 563 --
2003 537 2052 576 et
2079 522 2145 577 fic

264 607 503 662 formatur
521 605 669 654 etiam
694 615 874 668 corpus
900 594 1131 661 enchelyz
1151 593 1250 648 five
1268 593 1535 662 anguillae,
1581 594 1663 647 sed
1687 613 1790 648 non
1819 613 1882 648 ex
1911 599 2044 648 coitu
2066 596 2152 652 vel

265 686 372 736 ovis
388 675 514 740 ried
533 673 692 727 modo
711 674 958 726 vermium
980 673 1031 722 in
1049 667 1156 722 luto
1177 683 1449 736 generatur.
1527 667 1731 723 Clarum
1751 670 1819 722 est
1839 687 1902 722 ex
1919 668 2011 722 hac
2036 688 2146 722 ver-

263 754 396 811 fione
430 765 604 818 graeca
621 746 770 800 verba
787 745 881 800 effe
905 756 1163 813 corrupta,
1201 760 1329 814 quae
1356 742 1546 795 nullam:
1563 741 1711 813 plane·
1725 743 2051 797 commodam
2071 746 2149 797 in-

262 827 661 895 terpretationem
687 821 961 873 admittunt.
1037 823 1112 870 Ex
1131 815 1367 871 omnibus
1401 836 1520 888 vero
1550 815 1677 870 locis<
1700 816 1961 889 hucusque
1993 816 2152 872 allatis

263 900 554 960 conficitur,
581 894 934 965 philosophum>
961 889 1195 960 anguillas
1229 890 1412 944 eodem
1435 876 1602 946 {nodo
1637 905 1692 944 ut
1716 890 1993 945 lumbricos>
2017 892 2150 945 nasci

261 972 478 1026 voluiffe.
553 970 740 1023 Verum
760 963 1054 1022 Athenaeus
1084 965 1114 1017 l.
1134 983 1175 1017 c.
1215 983 1276 1017 ex
1306 961 1580 1034 Aristotele
1603 963 1749 1018 refert
1773 965 2006 1033 anguillas
2034 985 2146 1018 mu-

261 1061 350 1101 tuo
370 1043 639 1115 complexu
662 1047 814 1105 coire,
836 1040 1015 1094 deinde
1037 1039 1337 1107 glutinosum
1357 1038 1540 1110 aliquid
1559 1055 1624 1091 ex
1646 1043 1710 1092 iis-
1723 1038 1975 1102 destillare,
2007 1040 2149 1111 quod

261 1125 312 1173 in
336 1137 556 1175 coenum
577 1117 825 1188 delapsum
845 1112 1064 1168 animalis
1083 1127 1308 1165 naturam
1333 1117 1553 1183 accipiat.
1634 1116 1774 1166 Haec
1814 1111 1897 1167 etfi
1926 1131 2147 1184 pugnare

262 1213 380 1247 cum
417 1193 614 1264 reliquis
657 1191 778 1246 locis
821 1189 1078 1250 videntur,
1124 1200 1294 1240 contra
1332 1200 1499 1242 tamen
1537 1188 1821 1240 sententiam
1849 1184 2155 1258 Aristotelis·

262 1267 456 1321 aliunde
489 1270 741 1335 cognitam
774 1265 1085 1318 confirmant.
1174 1265 1218 1314 Is
1249 1264 1386 1315 enim
1413 1275 1594 1314 mutuo
1629 1261 1896 1332 complexu
1922 1276 1971 1316 et
2003 1261 2155 1317 simili

261 1342 403 1414 plane
424 1345 611 1395 ratione
639 1344 775 1394 coire
798 1342 945 1392 etiam
964 1335 1238 1390 lumbricos
1260 1335 1475 1398 dixerat,
1514 1335 1594 1388 sed
1624 1354 1797 1389 verum
1832 1336 1928 1390 esse
1951 1340 2146 1390 coitum

263 1435 384 1471 eum-
406 1429 713 1485 negaverat,
732 1427 786 1466 ut
808 1422 884 1471 ex}
905 1409 1096 1463 arabica·
1127 1408 1231 1461 libri
1264 1410 1439 1480 perditi
1466 1409 1687 1463 verfione
1714 1411 1874 1464 retulit
1897 1407 2143 1464 Albertus

262 1495 393 1544 XXI.
412 1510 458 1561 p.
473 1509 501 1543 2
516 1509 534 1541 1
556 1488 656 1542 nb.
689 1486 908 1541 Eandem
929 1483 1251 1554 anguillarum
1272 1488 1671 1554 procreationem
1696 1485 1840 1537 tradit
1862 1481 2142 1556 Oppianus

260 1569 292 1618 L
321 1572 438 1628 516.
514 1560 899 1619 Pliniusautem
921 1564 1005 1613 IX.
1023 1578 1072 1611 e.
1088 1577 1169 1621 50.
1204 1557 1442 1626 anguillae
1455 1572 1689 1620 atterunt,
1706 1562 1882 1630 inquit,
1907 1560 1953 1611 se
1966 1560 2141 1628 scopu-

259 1638 345 1702 lis,
383 1656 539 1711 eaque
571 1639 852 1706 strigmenta
886 1635 1169 1693 vivescunt-5
1210 1651 1304 1685 nee
1334 1633 1422 1686 alia
1455 1635 1523 1686 est
1552 1650 1725 1686 earum.
1752 1636 2043 1703 procreatio.
2073 1655 2143 1674 -ι

258 1715 497 1769 Ceterum
521 1716 570 1765 in
594 1713 990 1781 interpretatione
1017 1707 1115 1761 loci
1142 1725 1204 1760 ex
1223 1710 1285 1759 H.
1306 1709 1369 1760 A.
1400 1711 1476 1758 VI.
1508 1713 1587 1760 16.
1625 1701 1876 1761 Albertus
1906 1705 2146 1775 anguillas

257 1791 482 1842 nominat
514 1782 737 1839 attlzolos
773 1799 822 1837 et
857 1779 1111 1853 est'thelOS,
1152 1795 1201 1834 et
1228 1799 1292 1834 ex
1325 1786 1684 1835 commentario
1715 1779 2147 1836 Avicenmeinse--

261 1867 321 1915 rit
338 1862 487 1915 haec:
542 1862 654 1915 Ova
684 1862 856 1920 etiam,
891 1875 1017 1930 quae
1046 1859 1359 1909 inveniuntur
1388 1860 1439 1909 in
1472 1860 1542 1909 eis
1572 1868 1797 1927 tempore
1829 1856 2005 1925 longae
2033 1855 2147 1927 plu-.-

262 1940 393 1998 viae‚
425 1954 527 1989 non
549 1938 861 1987 inveniuntur
881 1935 931 1984 in
951 1931 1068 1985 loco
1102 1949 1315 1984 ovorum
1339 1935 1389 1983 in
1412 1945 1595 1993 ventre,
1634 1930 1712 1983 vel
1730 1935 1780 1983 in
1804 1935 2035 1997 matrice,
2060 1930 2143 1983 set}

261 2015 313 2078 in
333 2008 466 2063 collo
480 2046 495 2071 ‚
545 2023 593 2061 et
612 2008 731 2061 ideo
747 2008 857 2059 sunt
878 2005 1122 2078 quaedam
1149 2005 1502 2075 superfluitates
1522 2004 1806 2074 granulosae
1827 2005 1999 2057 fimiles
2020 2008 2148 2075 ovis.

263 2085 637 2153 Qiaestionem‚
658 2091 758 2134 tam
787 2081 872 2133 diu
891 2084 1131 2141 virorum,
1153 2077 1549 2132 docliffimorum
1570 2077 1971 2149 disputationibus
1996 2083 2150 2147 agita-

260 2172 378 2220 tam,
399 2175 555 2226 nuper
574 2156 780 2209 demum
799 2154 860 2207 ad
882 2152 1123 2226 liquidum
1143 2152 1329 2220 redegit
1359 2150 1470 2224 Caj.
1491 2150 1671 2206 Mouti
1693 2167 1743 2205 et
1763 2149 2147 2220 Car.3Mmzdiwi

258 2236 309 2286 in
335 2235 622 2286 Comment.
648 2229 944 2283 Bononienfi
969 2232 1041 2280 T.
1058 2232 1135 2280 VI.
1164 2239 1262 2290 178
1277 2246 1318 2289 3.
1353 2241 1402 2280 et
1424 2230 1529 2281 ovis
1554 2227 1806 2296 gravidam
1824 2230 1875 2280 in
1898 2225 2052 2282 fundo
2077 2227 2148 2281 la-

259 2321 361 2360 tere
384 2305 570 2359 docuit.
1643 2309 1675 2328 *
2052 2360 2054 2364 ⁴

277 2392 280 2395 ’
408 2383 556 2431 Nunc
575 2377 637 2430 ad
656 2371 974 2447 Aristotelem
997 2373 1277 2427 redeamus.
1305 2377 1368 2427 H.
1384 2376 1447 2427 A.
1472 2379 1543 2428 111.
1579 2393 1654 2439 ¹7·
1694 2391 2018 2448 quaecunque
2039 2379 2146 2429 ani-

260 2452 402 2510 malia
421 2454 683 2523 separatam
703 2455 752 2502 in
773 2449 930 2522 aliqua
951 2453 1174 2520 corporis
1196 2463 1331 2519 parte
1354 2468 1457 2502 non
1477 2448 1659 2517 habent
1677 2450 2047 2521 pinguedinem,
2084 2468 2145 2504 ea

261 2533 426 2590 minus
459 2546 546 2598 per
582 2540 807 2578 ventrem
834 2538 884 2576 et
910 2537 1171 2578 omentum
1201 2525 1550 2593 pinguescunt,
1607 2538 1662 2577 ut
1690 2524 1960 2593 anguillae,
2015 2544 2142 2597 quae

260 2621 477 2675 paucum
496 2598 666 2654 sebum
696 2603 747 2651 in
770 2612 981 2652 omento
1008 2596 1204 2651 habent.
1269 2602 1345 2650 IV.
1372 2610 1414 2656 8.
1458 2597 1722 2666 Anguillae
1755 2603 2009 2670 capiuntur
2032 2599 2145 2662 hoc

264 2677 437 2731 modo.
523 2680 618 2728 Vas
645 2671 1081 2735 salsamentarimi,
1113 2675 1322 2743 eiusque
1342 2673 1540 2727 orificio
1571 2688 1858 2744 opponunt,
1898 2673 2035 2727 eolus
2056 2677 2143 2746 qui

263 2752 453 2804 dicitur.
526 2747 677 2802 Recie
715 2751 848 2800 enim
876 2747 977 2800 hoc
1009 2750 1058 2798 in
1088 2745 1206 2800 loco
1247 2746 1425 2801 Codex
1461 2747 1743 2810 Mediceus‚
1800 2752 1851 2800 Β.
1886 2745 2143 2814 Rlzemmi,

265 2824 419 2880 verfio
446 2839 609 2886 vetu3‚
662 2837 711 2876 et
771 2818 929 2876 Gaza
972 2816 1146 2894 ἠθμὸν
1203 2825 1231 2872 i.
1265 2839 1304 2873 e.
1353 2820 1553 2884 colum,
1607 2821 1883 2893 praeferunt
1939 2821 2144 2889 vulgato

265 2894 456 2972 ἐςθμόν
483 2902 510 2951 i.
532 2918 573 2952 e.
612 2895 822 2958 fretum,
849 2896 1080 2964 angustia.
1164 2898 1279 2947 VIII.
1317 2912 1362 2947 2.
1399 2894 1664 2964 Anguillae
1689 2915 1872 2967 paucae
1897 2896 2142 2967 quaedam

263 2979 508 3045 certisque
538 2976 586 3024 in
626 2971 748 3025 Iocis
769 2970 1028 3024 vescuntur
1059 2967 1182 3021 limo
1204 2984 1350 3041 atque
1389 2970 1588 3031 eduliis,
1620 2969 1654 3023 fi
1679 2989 1803 3042 quae
1823 2969 2142 3037 objiciantur5

258 3049 341 3101 sed
373 3047 610 3118 plurimae
639 3044 770 3098 dulci
803 3062 927 3116 aqua
961 3047 1161 3103 vivunt3
1220 3043 1369 3115 idque
1409 3042 1663 3097 observant
1694 3045 1784 3107 illi,
1832 3047 1916 3116 qui
1943 3048 2138 3099 vivariis

258 3121 580 3192 anguillarum
603 3137 807 3194 operam
829 3118 971 3181 dant,
1007 3131 1063 3171 ut
1079 3135 1230 3191 quam
1248 3121 1467 3193 maxime
1501 3137 1617 3190 pura
1631 3133 1687 3173 -et
1702 3118 1882 3176 fincera
1911 3117 1964 3171 fit
1994 3136 2138 3190 aqua,⁴

1927 3192 2133 3246 affluens
