2571 3775
235 459 485 518 nominat,
526 450 689 521 legisse
718 453 840 516 ergo
867 447 1043 517 prason
1070 446 1274 499 videtur.
1359 448 1454 499 Pro
1484 444 1735 501 cucurbita
1772 447 1900 502 Galli
1929 444 2115 504 Camas

235 531 391 585 vcrfio
411 525 774 593 colocyntidem
793 538 1008 574 amaram
1019 521 1192 592 posuit.
1258 524 1373 572 VIII.
1398 540 1475 582 13.
1513 524 1565 573 in
1585 523 1758 589 stagnis
1780 527 1983 581 marinis,
1998 542 2117 578 cum

234 605 338 659 aliis
364 607 510 657 etiam
531 598 652 668 salpa
673 597 892 649 nascitur.
934 597 1115 650 Codex
1135 594 1394 649 Mediceus
1418 599 1639 665 optimus
1661 599 1814 648 etiam·
1831 595 1915 647 hic
1936 591 2114 670 002972-77

233 676 455 751 praefert.
509 687 562 725 ut
588 677 668 723 IX.
696 688 774 734 37.
823 685 1017 724 veteres
1046 671 1288 724 editiones
1317 684 1429 731 ante
1459 668 1772 738 Sylburgium
1802 688 1918 722 cum
1951 670 2116 722 Codd.

232 749 467 829 Angbros
494 760 543 799 et
571 748 810 800 Vaticano
839 744 1036 798 habent.
1110 740 1318 799 Plinius
1352 749 1432 795 IX.
1466 762 1570 814 cap.
1607 763 1683 807 ¹7·
1729 747 1855 797 circa
1885 741 2120 797 Ebufium

232 824 455 894 (obtinet
474 821 826 892 principatum)
855 818 1006 889 sallia,
1045 816 1329 872 obscoenus·
1346 819 1482 889 piscis
1502 832 1550 871 et
1569 823 1653 890 qui
1673 836 1919 891 nusquam
1944 836 2122 889 perco-

233 902 319 972 qui
339 898 509 968 poffit‚
549 894 632 947 nifi
650 891 802 946 ferula
826 892 1122 967 verberatus.
1193 889 1470 963 Oppianus
1489 898 1522 944 Ι.
1563 911 1676 951 ιας.
1719 908 1880 963 petras
1911 896 1960 946 in
1992 895 2125 957 mari¹

184 1006 187 1009 -
235 974 407 1027 musco
435 985 483 1024 et
506 968 623 1022 fuco
644 967 816 1021 obsitas
835 966 1054 1021 habitare
1074 971 1203 1020 canit
1223 966 1375 1037 salpas·
1390 972 1440 1019 in
1463 967 1608 1023 dorso
1629 972 1909 1035 variegatas.
1958 964 2118 1020 Mar-

233 1044 381 1101 cellus
404 1045 590 1098 Sidetes
609 1044 746 1096 versu
775 1057 858 1107 30.
914 1042 1143 1095 floridam
1177 1040 1403 1110 appellati·
1454 1038 1732 1112 Oppianus
1753 1046 1825 1093 ΠΙ.
1856 1059 1964 1106 414
1986 1042 2125 1113 seqq,r

234 1121 353 1190 algis
379 1122 577 1174 marinis
598 1115 828 1171 deledlari
847 1119 897 1169 in
922 1116 1064 1179 cibo,
1102 1129 1150 1168 et
1166 1113 1409 1183 lapidibus
1430 1112 1552 1169 fuco
1578 1113 1828 1169 obvolutis
1861 1114 2014 1168 nassae
2043 1118 2117 1167 in-

235 1195 344 1248 ditis
367 1199 500 1264 capi,
535 1197 586 1246 in
605 1211 661 1245 ea
681 1206 846 1245 tamen
869 1205 1062 1261 captura
1085 1188 1274 1243 filentio
1295 1208 1423 1260 opus
1451 1189 1544 1243 effe
1575 1205 1776 1260 propter
1804 1190 2116 1243 timiditatem

233 1271 370 1341 piscis
386 1281 580 1322 monet.
616 1263 840 1321 Ovidius
865 1264 1076 1318 Halieut.
1105 1282 1220 1316 122.
1254 1264 1565 1317 immundam
1586 1264 1851 1318 choromin
1862 1278 1911 1318 et
1933 1267 2116 1316 merito

235 1343 510 1400 viliffimam
532 1340 721 1412 Salpam
743 1358 836 1393 una
862 1344 1099 1393 nominat.
1174 1335 1500 1393 Xenocrates
1530 1357 1631 1409 cap.
1654 1359 1701 1405 9.
1735 1338 1944 1410 pelagias
1967 1337 2117 1408 salpas

234 1417 522 1472 littoralibus
541 1413 747 1489 praefert
766 1419 817 1468 in
838 1413 966 1468 cibo.
1014 1444 1019 1451 ·
1042 1419 1233 1467 Bovem
1256 1417 1504 1466 marinum
1536 1412 1716 1466 didiam
1744 1432 1806 1467 ex
1829 1410 2118 1484 Antiphane

235 1491 379 1546 refert
422 1487 705 1545 Athenaeus
732 1494 832 1544 VII.
861 1508 908 1559 p.
937 1506 1053 1551 320.
1094 1501 1145 1540 et
1175 1484 1485 1559 Hesychius,
1525 1492 1762 1559 quoniam
1789 1487 1949 1540 herbis
1972 1490 2118 1539 mari-

234 1572 309 1621 nis
332 1568 551 1619 vescitur.
627 1564 763 1617 Idem
783 1559 1078 1618 Atlzeaaeas
1096 1560 1297 1614 audiore
1321 1558 1591 1631 Aristotele
1608 1566 1657 1615 in
1678 1561 1804 1615 libro
1826 1562 2018 1632 perdito
2042 1564 2118 1614 [o-

234 1642 446 1709 litarium
475 1641 657 1710 piscem
687 1636 913 1692 dentibus
942 1638 1125 1690 serratis
1159 1634 1298 1699 facit,
1348 1635 1512 1690 multis
1543 1636 1681 1690 lineis
1715 1636 1872 1690 rubris
1902 1634 2117 1707 pitirum

233 1734 384 1789 quare
415 1734 533 1768 cum
566 1716 833 1767 stromateo
859 1714 1161 1781 comparavit
1190 1729 1306 1764 eum
1336 1706 1507 1766 Philo.
1593 1707 1940 1784 Epicharmus
1969 1724 2119 1780 poeta

236 1790 539 1845 obscoenam
577 1801 626 1842 et
658 1789 1033 1841 stercorivoram
1074 1784 1293 1855 appellat.
1378 1781 1670 1858 Ιαομῆχεα,
1725 1789 1752 1838 i.
1777 1804 1818 1839 e.
1856 1784 2117 1858 aequalem

235 1867 319 1919 seu
341 1863 552 1937 aequalis
575 1860 758 1934 ubique
789 1860 1140 1929 magnitudinis
1178 1859 1299 1912 dixit
1331 1857 1656 1930 Antiphanes
1676 1875 1837 1931 poeta.
1916 1864 2118 1914 Genere

237 1938 505 1994 masculino
530 1939 653 1991 dixit
671 1940 721 1989 in
741 1934 1210 2001 jocoArchestratus
1228 1948 1375 2004 poeta
1395 1932 1610 2009 σάλπης
1632 1931 1947 2014 ἐσάλπιγξε,
1986 1932 2137 2006 quali

237 2014 361 2085 salpa
399 2014 611 2066 sonitum
649 2009 794 2063 tubae
821 2008 1028 2063 fimilem
1064 2009 1201 2071 edat,
1238 2027 1526 2080 nomenque
1552 2012 1654 2075 ejus
1693 2010 1808 2062 hinc
1845 2025 2013 2062 ortum
2048 2007 2116 2061 fit.

239 2090 394 2143 Lusus
426 2087 629 2160 quidem
656 2084 737 2137 hic
765 2085 831 2137 est
860 2098 1036 2153 poetae
1065 2082 1319 2147 joculari33
1375 2101 1489 2136 eum
1520 2098 1685 2135 tamen
1715 2088 1947 2137 annotavi
1979 2082 2118 2154 quod

240 2164 420 2219 Codex
442 2161 552 2214 alias
573 2158 846 2230 praeclarus
866 2162 915 2210 in
941 2154 1211 2226 Aristotele
1231 2176 1323 2227 pro
1343 2156 1465 2228 ialpa
1496 2156 1644 2210 habet
1674 2158 1901 2228 scriptum
1929 2175 2118 2212 nomen

237 2235 506 2313 σάλπιγξ,
554 2238 582 2286 i.
614 2253 655 2287 e.
700 2230 831 2284 tuba.
904 2230 1172 2302 Hodieque
1210 2230 1347 2301 Salpa
1376 2247 1516 2286 vetus
1563 2251 1750 2287 nomen
1791 2237 1967 2287 retinet
2002 2234 2120 2286 teste

235 2308 461 2384 ,Forjko'l
484 2309 719 2378 Descript.
753 2304 968 2359 Animal.
1000 2322 1047 2375 p.
1068 2310 1197 2359 XIV.

352 2414 358 2423 ·
386 2380 552 2458 Βώκη.
592 2383 726 2448 Βωέ.
765 2386 914 2443 Boea,
942 2385 1064 2433 Box.
1109 2379 1202 2432 Sed
1222 2376 1351 2433 male
1377 2379 1500 2434 haec
1522 2380 1800 2436 traduntur:
1854 2377 2123 2452 Aristoteli
2191 2385 2232 2427 P·
2259 2382 2328 2427 60·

239 2465 302 2516 H.
326 2462 388 2514 A.
404 2464 526 2512 VIII.
554 2475 598 2509 2.
637 2454 785 2509 semel
807 2459 933 2508 inter
953 2453 1208 2523 gregatiles
1229 2455 1380 2524 pisces
1403 2460 1717 2510 nominantur
1734 2460 1926 2526 βῶκες,
1953 2456 2124 2519 boces,
2178 2443 2258 2486 No.
2279 2445 2319 2492 8·

241 2535 423 2598 Gazae
444 2550 612 2586 vocae.
689 2530 844 2598 QOd
864 2547 1048 2583 nomen
1060 2528 1245 2599 plurale
1266 2530 1333 2582 est
1357 2550 1445 2601 pro
1469 2525 1942 2601 AE5aexegafi1igulari
1962 2527 2123 2600 βόαξ,

244 2607 498 2665 εοηῖτειξὶο
519 2602 665 2675 βῶξ,
702 2608 732 2656 i.
758 2623 799 2657 e.
838 2602 1049 2666 vocalis,
1086 2602 1336 2657 clamator.
1411 2602 1690 2676 Oppianus
1712 2612 1746 2658 I.
1776 2626 1793 2659 ‘1
1814 2625 1890 2659 ιο.
1915 2611 1964 2660 in
1983 2606 2125 2660 litore

247 2685 413 2755 algoso
436 2681 522 2735 sub
545 2679 707 2734 herbis
726 2679 904 2748 degere
933 2692 1198 2751 utrumque
1217 2677 1400 2732 bocem
1423 2680 1578 2732 tradit.
1656 2685 1785 2734 Facit
1805 2685 1949 2750 igitur
1968 2686 2126 2750 gemi-

246 2780 368 2815 num
390 2776 562 2827 genus.
639 2751 918 2808 Marcellus
949 2752 1134 2806 Sidetes
1153 2753 1294 2806 versu
1323 2772 1340 2804 1
1358 2773 1399 2814 ς.
1440 2752 1593 2809 boces
1623 2770 1671 2809 et
1690 2757 1826 2808 versu
1856 2767 1900 2814 8.
1938 2757 2124 2826 separa-

246 2839 336 2889 tim
357 2828 740 2902 buphthalmos,
784 2833 813 2880 i.
836 2847 875 2881 e.
912 2826 1088 2881 oculos
1116 2826 1327 2882 bovillos
1356 2833 1593 2882 nominat.
1661 2834 1771 2884 Hos
1806 2831 1933 2884 duos
1971 2831 2122 2900 pisces

247 2906 529 2963 intellexisse
548 2905 739 2958 videtur
760 2899 1050 2974 Oppiaaas.
1101 2905 1349 2955 Nimirum
1368 2908 1542 2955 miram
1563 2903 1819 2974 scripturae
1841 2909 2124 2971 varietatem

247 2989 298 3038 in
335 2984 434 3036 hoc
467 2980 605 3050 piscis
658 2982 864 3031 nomine
909 2975 1017 3028 libri
1055 2990 1242 3030 veteres
1281 2975 1573 3048 praeferunt.
1646 2977 1746 3030 Alii
1777 2983 1909 3031 enim
1949 2982 2121 3046 βῶκα,

248 3059 450 3120 bocem‚
490 3053 565 3107 alii
584 3056 764 3120 βῶποι,
804 3050 991 3122 bopem
1006 3055 1274 3104 nominant.
1351 3054 1589 3105 Posterius
1608 3071 1793 3106 nomen
1815 3055 1922 3114 esta
1943 3050 2120 3125 βόωψ,

240 3129 475 3203 βόωπος,
525 3128 663 3204 quod
696 3124 873 3184 bubuli
912 3124 1046 3182 oculi
1074 3124 1439 3182 similitudinem
1474 3125 1723 3195 fignificat.
1820 3123 2036 3197 Βόωπες
2073 3142 2122 3180 et

1872 3201 2126 3257 contraclo
