2571 3775
408 333 477 387 48
1204 331 1496 357 *⁸⁶¹*-

411 452 591 506 vetusta
626 441 1233 520 Aristotelisgladiatum
1268 443 1453 518 ubique
1477 448 1714 500 nominat.
1789 441 2069 517 Oppianus
2099 451 2131 501 1.
2165 451 2286 508 182.

411 526 630 595 gladium
671 543 790 579 cum
840 522 942 575 aliis
978 523 1183 573 cetaceis
1214 518 1422 589 piscibus
1444 520 1602 574 altum
1639 534 1687 573 et
1721 518 2026 588 profundum
2065 522 2281 576 incolere

410 606 572 660 mare3
607 604 659 652 Π.
686 605 805 661 465.
839 601 889 649 in
909 597 1152 665 superiore
1182 592 1376 647 maxilla
1404 609 1646 648 armatum
1673 592 1810 648 recs'to
1839 609 1887 648 et
1915 612 2062 651 acuto
2093 597 2284 666 gladio:

408 680 461 727 11.
490 680 603 735 506.
637 671 722 725 sub
739 668 1009 725 caniculam
1029 667 1089 721 ab
1110 669 1272 721 oestro
1302 671 1463 737 pinnis
1496 670 1780 721 inhaerente
1815 674 2116 738 exagitatum
2145 673 2284 742 saepe

411 754 460 802 in
480 765 623 801 naves
645 760 726 800 aut
746 749 794 798 in
815 759 995 796 terram
1016 740 1183 795 exilire
1207 745 1347 794 canit.
1433 740 1681 797 Aelianus
1710 747 1790 795 IX.
1819 763 1904 809 40.
1935 747 2099 800 ensem
2140 765 2282 799 com-

409 826 550 876 muni
579 817 802 872 maxillae
829 820 1031 871 nomine
1051 813 1285 885 appellat3
1337 829 1390 868 ut
1410 821 1559 869 etiam
1581 821 1704 869 XIV.
1730 834 1754 869 α
1771 837 1812 880 3.
1886 823 1939 872 In
1969 819 2287 874 thunnorum-

410 897 671 965 piscatione
692 892 725 946 fi
742 891 928 960 gladius
948 895 997 944 in
1019 893 1135 942 retia
1154 892 1380 951 incurrit,
1421 890 1603 945 retibus
1622 895 1669 944 vi
1688 891 1910 962 disruptis
1930 909 1978 947 et
1999 895 2280 948 discissisre-

408 969 550 1041 liquis
573 971 772 1038 captivis
796 965 1068 1020 libertatem
1088 967 1266 1033 aperit,
1310 964 1493 1018 eodem
1520 964 1720 1020 audiore
1749 971 1856 1020 XV.
1893 975 1940 1020 6.
2018 972 2119 1022 Istri
2146 972 2282 1021 fluvii

407 1044 623 1113 gladium
644 1041 726 1095 sed
746 1040 971 1095 nondum
991 1037 1213 1091 adultum
1235 1050 1285 1090 et
1300 1035 1494 1093 frontali
1514 1038 1613 1094 telo
1634 1040 1796 1093 adhuc
1817 1056 2064 1095 carentem
2087 1061 2284 1095 memo-

407 1133 477 1171 rat
497 1123 619 1171 XIV.
645 1122 725 1169 26.
800 1113 1026 1168 Eundem
1051 1117 1172 1165 XIV.
1207 1130 1287 1174 23.
1310 1116 1376 1166 ita
1395 1113 1616 1167 describit
1634 1119 1684 1168 in
1704 1118 1857 1169 fluvio
1868 1118 1987 1169 Istro
2003 1117 2284 1185 degentem.

406 1197 609 1262 Corpus
628 1207 781 1244 omne
798 1186 952 1244 molle
974 1201 1021 1240 et
1041 1186 1175 1240 laeve
1200 1183 1358 1247 tanstu3
1409 1188 1579 1242 dentes
1616 1207 1709 1242 nec
1741 1194 1877 1243 curvi
1910 1209 2005 1243 nec
2034 1194 2165 1244 aeuti
2195 1208 2282 1260 ap-

408 1281 606 1338 parent3
647 1264 792 1318 dorso
814 1261 960 1325 nulla,
988 1265 1107 1316 utin
1139 1259 1398 1331 delphinis,
1419 1262 1553 1332 spina
1570 1267 1756 1316 eminet
1775 1262 1922 1328 resta,
1944 1283 2036 1318 nec
2056 1269 2105 1320 in
2126 1265 2289 1318 cauda

407 1341 511 1395 talis
535 1341 689 1400 adest3
727 1336 812 1390 sub
834 1338 951 1408 ipsas
973 1354 1138 1398 nares,
1187 1335 1365 1407 quibus
1383 1337 1527 1406 spirat
1546 1352 1595 1391 et
1616 1356 1799 1409 aquam
1833 1342 1884 1394 in
1918 1338 2175 1393 branchias
2207 1358 2283 1393 re-

407 1420 524 1485 cipit
553 1429 696 1486 atque
719 1415 873 1478 ejicit,
904 1415 1084 1465 mirum
1105 1408 1265 1472 dicim
1302 1411 1495 1464 maxilla
1518 1416 1567 1464 in
1596 1411 1788 1465 redium
1821 1427 1869 1467 et
1895 1429 2095 1467 acutum
2124 1412 2281 1467 telum

406 1489 663 1550 excrescit,
701 1487 836 1559 quod
860 1505 976 1538 cum
998 1499 1150 1540 aetate
1179 1485 1235 1537 fit
1258 1483 1453 1552 longius
1479 1500 1527 1539 et
1551 1487 1757 1540 crassius,
1845 1492 1959 1541 Hoc
1981 1487 2130 1542 veluti
2148 1492 2282 1541 navis

406 1563 608 1617 bellicae
629 1563 784 1615 rostro
804 1563 1040 1613 maximas
1064 1562 1210 1612 etiam
1230 1563 1377 1612 maris
1406 1558 1590 1614 belluas
1621 1559 1808 1614 infestat
1835 1576 1982 1637 atque
2012 1561 2280 1622 ulciscitur3

406 1639 567 1691 Visam
591 1635 684 1689 effe
703 1653 877 1688 navem
893 1671 907 1697 ‚
950 1636 1086 1700 cujus
1109 1637 1298 1686 carinae
1317 1632 1505 1701 gladius
1528 1636 1709 1689 infixus
1732 1650 1876 1708 atque
1904 1655 1928 1689 a
1949 1636 2145 1709 reliquo
2170 1656 2280 1690 cor-

406 1731 528 1784 pore
559 1710 793 1779 abruptus
823 1708 1098 1763 inhaeserat.
1207 1712 1436 1779 Denique
1463 1708 1682 1777 gladium
1716 1715 1900 1763 marina
1932 1725 1980 1763 et
1998 1711 2130 1764 dulci
2154 1729 2278 1783 aqua

405 1804 560 1859 aeque
593 1784 817 1853 gaudere.
924 1779 1220 1851 Aristoteles
1248 1786 1298 1834 in
1317 1781 1443 1835 libro
1472 1783 1666 1852 perdito
1696 1784 1828 1853 apud
1849 1779 2164 1838 Athemeum
2183 1790 2279 1838 VII.

403 1880 450 1932 p.
480 1880 501 1922 3
520 1881 596 1926 14·
624 1857 841 1927 gladium
861 1859 926 1909 ait
947 1855 1127 1909 habere
1163 1857 1301 1909 rostri
1322 1861 1510 1924 partem
1542 1856 1825 1911 inferiorem
1865 1876 2090 1928 parvam,
2135 1860 2279 1929 supe-

404 1939 588 1987 riorem
611 1949 841 2000 magnam
852 1930 1050 1992 osseam,
1079 1928 1273 2002 reliquo
1285 1935 1487 1999 corpori
1499 1930 1805 2000 longitudine
1815 1933 2075 2004 aequalem
2084 1948 2134 1986 et
2145 1933 2290 1986 hunc⁴

404 2008 498 2061 effe
519 2009 621 2073 ejus
642 2005 886 2074 gladium,
919 2002 1146 2057 dentibus
1166 2021 1285 2057 vero
1306 2022 1483 2058 carere.
1558 2003 1753 2060 Strabo
1775 2006 1946 2060 audior
1966 2010 2050 2069 est,
2084 2012 2134 2060 in
2155 2011 2278 2061 mari

403 2082 670 2150 Tyrrheno
699 2078 886 2147 gladios
920 2076 1253 2130 navicularum
1283 2078 1677 2146 magnitudinem
1709 2097 1947 2152 aequare,
1998 2099 2276 2155 eorumque

402 2158 524 2210 dum
562 2169 749 2217 natant,
802 2154 994 2205 tertiam
1029 2148 1131 2204 fere
1175 2157 1395 2220 corporis
1434 2166 1624 2222 partem
1669 2155 1807 2222 supra
1845 2173 1982 2207 mare
2041 2160 2275 2208 eminere.

402 2227 612 2287 Pliaim
647 2233 728 2280 IX.
757 2247 835 2289 15.
869 2225 930 2278 de
960 2227 1123 2279 oestro
1161 2229 1357 2293 repetiit
1389 2245 1450 2278 ex
1479 2223 1778 2295 Aristotele,
1817 2209 2036 2296 gladium
2059 2229 2275 2300 delphini

401 2302 793 2372 magnitudinem
848 2298 1087 2351 excedere
1133 2298 1333 2351 addens.
1410 2305 1606 2352 XXXII.
1642 2318 1745 2370 cap.
1777 2322 1793 2353 1
1815 2321 1853 2354 1.
1909 2318 2276 2357 commemorat

403 2374 644 2439 thannin,
683 2392 851 2447 quem,
872 2376 1043 2444 inquit,
1082 2370 1159 2424 alii
1181 2371 1400 2442 xiphiam
1422 2388 1625 2435 vocant3
1668 2389 1716 2427 et
1737 2376 1968 2446 deinceps
1993 2377 2183 2446 xiphias
2204 2379 2275 2432 se-

401 2456 623 2523 paratim.
696 2450 747 2501 A
766 2447 933 2516 xiphia
956 2449 1111 2500 rostro
1135 2461 1429 2500 mucronato
1449 2465 1595 2501 naves
1621 2447 1852 2517 perfossas
1874 2456 2032 2519 mergi
2057 2456 2108 2505 in
2129 2471 2275 2506 ocea-
2330 2515 2342 2521 q

403 2546 470 2580 no
492 2544 551 2578 ex
574 2522 766 2577 Trebio
788 2525 944 2589 Nigro
974 2518 1119 2573 refert
1146 2539 1246 2590 cap.
1280 2539 1325 2572 2.
1412 2526 1492 2574 De
1529 2521 1684 2576 thrani
1713 2543 1845 2576 nunc
1877 2526 2145 2579 videamus.
2220 2532 2275 2579 In

404 2601 518 2654 Ioco
540 2594 707 2654 Plinii
727 2610 914 2650 veteres
937 2594 1176 2648 editiones
1194 2593 1398 2647 habent:
1454 2593 1640 2650 Tomus
1675 2595 1995 2661 Thimarum,
2017 2615 2159 2671 quem
2180 2597 2275 2653 alii

403 2669 638 2746 xiphiam
668 2676 872 2734 vocam,
913 2687 975 2721 ex
1004 2667 1384 2737 interpolatione
1413 2666 1587 2723 Herm.
1617 2666 1873 2725 Barbari.
1946 2675 2272 2744 Antiquiores

405 2753 540 2802 enim
571 2765 688 2799 cum
727 2741 996 2798 Codicibus
1027 2746 1229 2811 optimis
1259 2741 1564 2812 praeferunt:
1611 2742 1863 2813 thamnam,
1921 2745 2142 2800 tlzranus
2191 2761 2275 2800 aut

404 2819 620 2876 thrams.
695 2817 987 2871 Lefflonem
1027 2813 1230 2869 thrawis
1262 2815 1392 2870 redie
1422 2820 1620 2870 restituit
1650 2810 1960 2873 Hardm'nus
1989 2821 2050 2873 de
2078 2824 2275 2875 minore

406 2896 598 2966 xiphiae
620 2911 800 2962 genere
823 2897 1185 2961 interpretatus,
1221 2905 1365 2963 atque
1394 2891 1589 2944 adhibet
1616 2891 1788 2946 locum
1822 2890 2137 2948 Xenocratis
2160 2913 2201 2948 c.
2229 2906 2273 2954 8.

410 2970 492 3021 ubi
516 2972 604 3022 est:
640 2967 818 3020 thranis
839 2980 920 3019 aut
943 2964 1130 3036 xiphias
1156 2978 1379 3019 cetaceus
1409 2967 1545 3036 piscis
1565 2968 1658 3028 est,
1698 2981 1746 3019 et
1768 2971 1817 3019 in
1840 2965 1982 3022 frusta
2011 2968 2167 3022 sectus
2205 2969 2275 3021 sa-

410 3042 535 3094 litur.
608 3047 858 3094 Praeterea
880 3053 1018 3108 putat
1039 3039 1245 3106 gloffam
1276 3037 1518 3112 Hesyclzii
1537 3038 1636 3092 huc
1659 3039 1895 3110 spediare,
1945 3048 2029 3115 qui
2059 3040 2275 3097 vocabu-

413 3116 517 3170 lum
563 3111 816 3191 30977125239
850 3114 1069 3183 gladium
1112 3114 1295 3185 piscem
1341 3118 1690 3186 interpretatur.
1766 3113 2047 3172 Marcellus
2092 3115 2282 3242 Sidet?

2142 3207 2225 3244 ver
2249 3208 2279 3242 u
