2571 3775
1008 344 1303 370 ¹²¹—-
1988 343 2093 400 251'

197 479 380 519 vocem
402 465 541 536 equi,
569 460 805 535 reliquam
823 476 945 514 vero
968 473 1126 514 totam
1146 460 1372 529 corporis
1392 457 1584 515 molem
1611 459 1794 533 (κύτος
1814 459 2087 539 σώματος)

200 557 305 591 non
326 538 606 591 diffiniilem
630 535 924 605 elephanto,
973 538 1168 589 corium
1196 538 1426 587 omnium
1448 532 1549 588 fere
1572 538 1855 590 animalium
1875 543 2090 595 craffiffi-

130 629 133 631 ·
198 631 341 664 mum
360 613 427 664 est
444 609 769 664 fortiffimum.
846 615 900 662 In
918 613 1058 681 aquis
1089 621 1136 661 et
1156 622 1275 661 terra
1299 607 1438 663 fimul
1462 609 1619 677 degit3
1656 612 1867 663 interdiu
1886 615 2092 683 quidem

199 703 348 757 aquas
384 683 579 746 incolit,
624 698 670 737 et
699 688 751 735 in
779 681 936 738 fundo
971 697 1169 749 exercet
1198 684 1272 745 se,
1314 681 1467 736 nodlu
1500 703 1619 738 vero
1649 685 1859 753 egreffus
1889 690 1940 741 in
1965 701 2093 739 terra

198 761 293 812 iata
327 762 375 810 et
395 757 567 811 herbas
597 757 892 829 depascitur3
936 762 1000 810 ita
1021 773 1075 810 ut
1097 756 1131 810 fi
1160 756 1320 810 bellua
1343 756 1467 810 haec
1498 758 1754 828 multipara
1783 760 1897 813 estet
1928 775 1978 813 et
2003 760 2095 814 fin-

128 855 133 864 ·
201 828 324 902 gulis
358 836 497 892 annis
528 848 746 902 pareret,
781 836 1034 900 ingentem
1064 835 1192 899 agris
1221 834 1587 902 Aegyptiorum
1618 835 1816 886 afferret
1847 833 2092 888 calamita-

200 921 320 959 tem.
357 901 363 905 ’
429 907 515 958 Ad
553 907 679 959 hanc
718 911 927 977 primam
961 906 1065 979 loci)
1099 920 1289 976 partem
1328 905 1532 976 paulum
1559 912 1798 977 temporis
1835 908 2093 963 subsistam.

198 981 496 1048 Magnitudo
527 980 1048 1054 cubitoru'm*>‘q11i11que
1067 981 1272 1034 ‚videtur
1295 981 1357 1032 ad
1376 979 1683 1033 altitudinem
1702 978 1955 1036 referenda
1980 985 2093 1048 effe,

198 1070 248 1107 et
277 1059 432 1122 arguit
453 1054 645 1125 pullum
669 1056 895 1109 nondum
924 1054 1135 1125 perfecsla
1162 1069 1314 1106 aetate
1337 1053 1653 1123 conspestum
1686 1053 1820 1108 fuisse
1841 1075 1866 1109 a
1894 1061 2095 1111 notitiae

202 1127 418 1181 auclore.
533 1134 677 1198 Qae
713 1130 894 1192 deinde
927 1129 1099 1201 reliqui
1127 1132 1350 1199 corporis
1387 1147 1505 1181 cum
1541 1127 1802 1199 elephanto
1835 1133 2095 1185 instituitur

201 1207 537 1271 comparatio,
578 1205 638 1256 ad
661 1204 885 1258 colorem
911 1218 958 1256 et
978 1218 1201 1256 naturam
1225 1206 1351 1256 corii
1374 1201 1589 1273 depilem
1610 1217 1658 1257 et
1679 1201 1899 1273 glabram
1927 1203 2093 1261 referri

200 1274 298 1330 fine
322 1275 477 1330 dubio
496 1277 657 1331 debet.
733 1277 959 1347 Ungulas
985 1277 1187 1339 bifidas,
1229 1276 1436 1350 caudam
1455 1292 1504 1330 et
1531 1296 1711 1331 vocem
1733 1283 1964 1350 equinam
1993 1283 2093 1347 jam

202 1352 340 1420 supra
400 1355 451 1403 in
505 1349 772 1406 Herodoto
827 1367 936 1416 aut,
988 1352 1023 1407 fi
1050 1356 1232 1414 mavis,
1287 1348 1541 1406 Hecataeo
1590 1351 1820 1407 vidimus.
1926 1355 2094 1409 Aures

202 1430 414 1496 equinae
472 1444 575 1480 non
635 1431 794 1495 magis
852 1427 1124 1482 commode
1191 1443 1342 1497 quam
1393 1425 1544 1478 cauda
1602 1431 1777 1499 equina
1840 1426 2093 1499 hippopo-

201 1513 294 1551 tur.
369 1505 557 1554 Dentes
578 1502 748 1554 exserti
767 1506 965 1573 proprie
987 1502 1081 1555 dici
1104 1502 1308 1574 quidem
1331 1519 1434 1553 non
1453 1499 1649 1571 poffunt
1666 1505 1754 1555 ore
1776 1501 1954 1566 clauso,
1987 1504 2096 1557 sunt

204 1586 344 1627 tamo
404 1576 784 1643 affignantamen
824 1581 1062 1630 incurvati
1105 1591 1157 1628 ut
1216 1582 1266 1628 in
1320 1578 1474 1644 apris,
1537 1575 1621 1628 secl
1654 1575 1817 1630 multo
1866 1580 2093 1644 majores.

193 1648 361 1714 'Qod
402 1668 521 1703 vero
563 1664 730 1704 ternos
775 1655 1004 1723 utrinque
1054 1653 1195 1722 ponit
1234 1647 1434 1712 audior,
1489 1648 1683 1702 videtur
1716 1648 1958 1705 inferioris
1990 1671 2096 1707 ma-

203 1722 348 1776 xillae
370 1737 582 1794 quatuor
602 1726 833 1778 incisores
857 1726 1054 1787 denteS‚
1087 1723 1246 1779 forma
1268 1737 1316 1776 et
1335 1722 1422 1776 fitu
1442 1741 1468 1776 a
1486 1722 1790 1796 reliquorum
1808 1725 2098 1781 animalium

202 1801 434 1850 omnium
459 1797 688 1857 dentibus
718 1799 1066 1870 discrepanteS‚
1106 1814 1156 1852 et
1175 1797 1327 1851 veluti
1352 1799 1595 1864 jacentes,
1639 1799 1722 1852 sed
1751 1798 1940 1871 rectos,
1980 1820 2097 1855 cum

192 1874 390 1923 >caninis
414 1875 671 1926 incurvatis
692 1874 964 1927 numerass‘e
981 1911 994 1935 ‚
1032 1876 1120 1945 qui
1139 1876 1336 1943 proprie
1355 1871 1740 1949 χαυλιόδοντες
1770 1873 1868 1928 dici
1889 1875 2098 1946 possunt.

201 1949 434 2018 Denique
468 1947 606 2018 quod
636 1945 796 2000 subdit
818 1948 1229 2018 hippopotamum
1264 1965 1368 1999 non
1400 1946 1496 2020 ehss'e
1527 1946 1874 2018 multiparum,
1914 1952 2097 2003 confir-

203 2034 366 2072 matur
386 2018 726 2074 observatione
748 2025 1084 2075 recentiorum
1105 2021 1423 2091 scriptorum,
1466 2024 1550 2091 qui
1582 2019 1775 2075 foetum
1805 2042 1962 2076 unum
1993 2023 2096 2077 bel-

201 2093 313 2147 luae
339 2095 433 2148 effe
464 2096 789 2148 consentiunt.
886 2096 1112 2150 Dubium
1136 2110 1257 2148 vero
1289 2096 1356 2148 est
1384 2113 1511 2147 unus
1544 2113 1605 2147 an
1638 2094 1798 2165 plures
1827 2102 1941 2163 anni
1970 2101 2094 2152 inter

202 2183 397 2238 partum
426 2188 835 2242 unumquemque
857 2170 1183 2233 intercedant3
1218 2167 1425 2223 difficilis
1451 2171 1597 2224 etiam
1617 2173 1720 2238 ejus
1743 2175 1813 2225 rei
1835 2170 2095 2228 observan-

201 2243 294 2297 dae
323 2244 516 2298 videtur
544 2244 638 2297 effe
662 2244 855 2299 occafio
884 2260 932 2298 et
955 2245 1083 2298 rara!

354 2392 598 2460 Capturae
637 2391 850 2445 modum
884 2387 1159 2445 Diodorus
1192 2388 1327 2442 hunc
1365 2389 1520 2443 tradit.
1632 2392 1861 2461 Capitur,
1919 2397 2095 2467 inquit,

205 2464 482 2519 multorum
520 2465 783 2520 hominum
814 2484 992 2535 opera,
1042 2469 1131 2536 qui
1162 2462 1328 2516 ferreis
1360 2468 1520 2517 contis
1551 2479 1634 2517 aut
1665 2466 1875 2530 embolis
1907 2464 2096 2537 (ἐμβό.

203 2540 342 2609 2019)
364 2539 577 2592 belluam
599 2539 796 2592 cedunt.
873 2538 1181 2610 Ubicunque
1204 2542 1335 2590 enim
1357 2542 1594 2608 apparuit,
1624 2535 1985 2611 congregantur
2004 2563 2095 2598 un-

205 2616 356 2688 dique
379 2619 504 2667 circa
529 2632 638 2667 eam
665 2617 850 2682 navigia
866 2651 879 2675 ,
922 2628 970 2667 et
989 2611 1224 2666 hnmines
1254 2612 1653 2666 circumsistentes
1679 2614 2094 2688 hippopotamum

203 2690 465 2745 vulnerant
493 2687 623 2761 quafi
645 2688 781 2742 caelo
803 2687 971 2760 aliquo
991 2685 1158 2739 ferreis
1178 2685 1334 2739 hamis
1357 2685 1590 2753 adjuncto
1604 2726 1620 2752 ,
1655 2694 1735 2742 cui
1756 2706 1927 2760 aptum
1946 2708 2094 2764 atque

200 2765 435 2817 insertum
455 2767 750 2834 principium
777 2763 858 2814 seu
881 2776 1024 2831 caput
1044 2763 1331 2834 stupeorum
1354 2761 1668 2815 vinculorum
1691 2767 1965 2819 immittunt
1989 2765 2092 2820 bel·
2151 2835 2155 2839 ⁸

205 2838 313 2891 luae
334 2858 397 2892 ex
427 2838 631 2892 vulnere
656 2836 863 2899 furenti,
906 2836 1070 2889 donec
1098 2837 1340 2903 [anguinis
1373 2838 1626 2904 profluvio
1650 2838 1893 2892 defecerit.
1973 2843 2094 2894 Car-

205 2932 324 2966 nem
347 2912 490 2965 habet
520 2913 693 2965 duram
724 2926 773 2965 et
795 2909 1046 2964 difficilem
1077 2910 1364 2978 digestioni,
1412 2913 1782 2965 interaneorum
1808 2932 1928 2967 vero
1966 2914 2089 2980 nihil

202 2987 375 3058 plane,
416 3005 509 3039 nec
532 2988 711 3047 viscera
742 3005 835 3049 nec
865 2986 1105 3046 intestina,
1155 2983 1350 3054 poliunt
1384 2984 1598 3038 comedi.
1708 2988 1912 3041 Videtur
1944 2992 2091 3057 igitur

204 3077 400 3132 captura
424 3061 588 3114 fimilis
619 3060 753 3114 fuiffe
782 3064 855 3122 ei,
899 3078 1050 3131 quam
1078 3058 1230 3111 hodie
1258 3062 1306 3110 in
1335 3056 1648 3112 balaenarum
1672 3066 1928 3116 venatione
1952 3064 2092 3117 adhi-

203 3135 333 3189 bent.
410 3136 619 3195 Caelum
641 3134 843 3209 aliquod
866 3132 1105 3196 ferreum,
1152 3134 1234 3185 seu
1261 3131 1416 3187 telum
1437 3138 1663 3189 acumine
1689 3133 1886 3201 latiore,
1926 3152 1979 3191 ut
2006 3164 2090 3197 κο.

1116 3211 1166 3260 11
1209 3224 1238 3260 2
1943 3209 2090 3285 »πε-ὓς,
