2571 3775
459 368 567 428 198
1251 371 1544 397 ·-““··-·-·““··

459 488 727 545 exilitatem
747 498 795 541 et
817 488 1105 545 tenuitatem
1125 503 1232 540 non
1253 479 1607 557 conspicienda.
1681 485 1886 542 Plurimi
1906 487 2059 560 pisces
2080 486 2195 543 sexu
2214 494 2356 553 «utro-3

459 583 560 638 que
582 564 968 631 'distinguuntur-3
1017 561 1098 613 sed
1132 561 1193 613 de
1218 561 1471 628 erythrino
1502 576 1551 616 et
1581 561 1767 616 channa
1786 563 2070 628 dubitatur,
2117 563 2357 638 quoniam
2387 628 2389 630 ¹

460 656 639 695 omnes
660 636 847 691 foetura
868 635 998 705 pleni
1016 638 1343 704 reperiuntur.
1420 641 1588 708 ltaque
1616 656 1709 691 ova
1731 642 1783 690 in
1802 643 1886 702 iis,
1924 644 2010 712 qui
2049 639 2358 711 copulantur,

462 734 532 768 ex.
550 717 685 766 coit-u
705 710 968 765 confistunt
982 754 996 772 ‚
1029 713 1078 761 in
1098 708 1207 762 >aliis
1228 712 1379 762 etiam
1398 709 1495 763 fine
1519 715 1672 774 coitu,
1712 714 1851 784 quod
1869 729 2165 782 argumento
2185 717 2356 769 fluvia·
2383 715 2387 716 ⁷

466 788 629 842 tilium
662 784 978 855 quorundam
1008 784 1208 836 constat.
1292 786 1423 835 Nam
1457 784 1667 855 phoxini
1701 789 1887 850 statim,
1937 784 2096 859 prope
2126 789 2356 850 dixerim,
2390 781 2395 791 ⁵

465 881 583 916 cum
608 863 706 912 nati
725 859 833 931 sunt
852 871 901 910 et
918 856 1197 910 admodum
1219 861 1357 927 parvi
1375 858 1564 923 adhuc,
1601 878 1698 914 ova
1715 875 1907 929 gerunt.
2003 867 2253 933 Spargunr
2274 863 2357 918 sua

463 953 557 990 ova
580 952 757 989 omnes
774 970 789 996 ,
828 950 1045 1004 quorum
1064 949 1298 1000 magnam
1321 947 1535 1002 partem,
1572 948 1626 988 ut
1642 934 1850 997 dicitur,
1883 954 2040 989 mares
2061 937 2357 1006 deglutiunt,

462 1010 554 1065 alia
592 1009 806 1062 humore
837 1006 1123 1078 perduntur.
1234 1010 1382 1075 Q1ae
1408 1016 1581 1062 autern
1599 1013 1649 1061 in
1666 1008 1789 1064 locis
1811 1015 2104 1080 opportunis
2127 1012 2358 1074 eduntur,

463 1105 519 1140 ea
547 1086 807 1139 servantur.
894 1079 1090 1143 Scilicet
1109 1079 1143 1135 fi
1167 1086 1337 1134 omnia
1355 1082 1680 1146 servarentur,
1726 1088 1880 1137 nimia
1901 1088 2140 1156 cujusque
2162 1090 2356 1152 generis

465 1160 581 1214 effet
602 1162 758 1228 copia.
835 1158 907 1209 At
918 1174 1039 1209 vero
1063 1174 1155 1209 nec
1184 1156 1281 1225 ipssi
1310 1156 1434 1210 haec
1453 1176 1563 1227 pars
1591 1173 1693 1212 tota
1717 1156 1962 1213 foecunda
1979 1162 2078 1222 est,
2099 1160 2186 1213 nili
2206 1177 2356 1231 quam
2412 1221 2414 1223 ‚

465 1238 578 1289 mas
590 1235 772 1287 semine
793 1231 1090 1301 adsperserit.
1167 1229 1266 1283 Sub
1286 1246 1427 1303 partu
1448 1236 1585 1284 enim
1607 1251 1712 1286 mas
1736 1232 1942 1288 sedtatus
1964 1235 2129 1288 semen
2143 1238 2249 1289 ovis
2272 1234 2358 1289 ad·-

462 1311 668 1382 spergit·;
715 1320 763 1360 et
796 1322 1123 1380 quaecunque
1143 1323 1238 1359 ova
1259 1309 1469 1375 attigerit
1495 1307 1690 1370 semen,
1738 1307 1898 1361 vitalia
1925 1310 2083 1370 fiunt3
2141 1308 2359 1381 reliquo-

464 1384 579 1438 rum
606 1384 706 1437 sors
728 1386 926 1436 incerta.
950 1410 1019 1422 --
1103 1382 1378 1434 Generatio
1399 1399 1461 1434 ex
1481 1400 1582 1448 ovo
1603 1381 1744 1435 fimili
1764 1382 1923 1438 modo
1942 1387 2218 1454 peragitur,
2262 1382 2358 1436 five

464 1478 621 1513 ovum
645 1462 774 1509 intus
793 1457 876 1509 seu
897 1469 1039 1509 extus
1065 1455 1238 1508 editur.
1311 1460 1526 1510 :Summo
1549 1475 1762 1529 namque
1778 1476 1887 1517 ovo
1909 1459 2170 1511 innascitur
2194 1456 2356 1511 foetus
2431 1522 2434 1527 *

463 1531 753 1587 membrana
783 1529 1043 1585 obductus.
1129 1534 1348 1584 Primum
1381 1534 1612 1585 omnium
1641 1530 1775 1585 oculi
1805 1536 1973 1600 magni
1998 1546 2043 1586 et
2065 1531 2253 1600 globofi
2274 1550 2358 1602 ap-.

464 1620 660 1680 parent,
712 1625 775 1659 ex
806 1624 907 1678 quo
940 1607 1126 1658 constat
1154 1606 1305 1675 pisces
1344 1604 1483 1659 aliter
1514 1606 1640 1659 nasci
1673 1623 1824 1677 quam
1850 1625 1976 1679 quae
2012 1625 2076 1662 ex
2103 1607 2380 1677 vermibus*

463 1685 694 1737 oriuntur
736 1679 975 1738 animalia.
1061 1684 1117 1732 In
1145 1679 1218 1734 his
1245 1683 1380 1733 enim
1413 1694 1574 1750 partes
1604 1678 1860 1735 inferiores
1892 1684 2107 1747 majores
2137 1686 2357 1752 primum

467 1758 706 1818 existunt,
772 1769 918 1825 caput
946 1768 1113 1808 autem
1149 1768 1268 1807 cum
1301 1754 1462 1808 oculis
1502 1756 1825 1824 postremum.
1938 1759 2057 1810 Ovo
2095 1757 2358 1812 consumto

466 1835 642 1902 (rupto
676 1828 858 1898 Gaza)
905 1827 1071 1883 foetus
1109 1832 1398 1896 gyrinorum
1433 1831 1577 1881 instar
1608 1842 1833 1899 apparet3
1883 1826 2068 1896 (Gaza
2102 1830 2358 1899 vulgarem

467 1906 738 1963 lediionem
774 1899 1076 1979 752291'22453515
1108 1921 1202 1972 pro
1241 1897 1536 1982 yvfcvasscifig·
1561 1906 1905 1972 interpretatur
1938 1902 2093 1957 veluti
2117 1902 2360 1970 melem.)

467 1996 516 2041 et
537 1980 597 2033 ab
620 1983 760 2036 initio
781 1977 971 2034 nullum
991 1981 1119 2047 capit
1140 1976 1335 2039 cibum,
1366 1975 1450 2037 nifi
1473 1976 1610 2048 quod
1640 1976 1706 2030 illi
1728 1981 1811 2030 ovi
1832 1976 2015 2032 humor
2039 1978 2178 2032 addit
2197 1983 2360 2034 ‘incre-

465 2069 723 2117 mentumf,
757 2056 921 2124 postea
945 2055 1225 2105 nutriuntur
1249 2054 1388 2123 aquis
1409 2050 1635 2111 dulcibus
1657 2055 1957 2115 fluviorum,
1993 2053 2159 2108 ,donec
2192 2053 2362 2110 adole-

466 2134 638 2185 verint.
711 2125 944 2188 Defertur
964 2145 1026 2182 ex
1047 2131 1210 2180 Ponto
1234 2129 1286 2178 in
1309 2125 1686 2196 Hellespontum
1702 2142 2084 2197 purgamentum
2106 2129 2361 2201 quoddam

467 2205 595 2262 illius
618 2207 794 2266 maris,
834 2202 974 2275 quod
995 2201 1129 2270 algae
1150 2204 1352 2258 nomine
1385 2203 1622 2276 (φῦκος)
1643 2201 1910 2272 appellant,
1957 2203 2126 2257 colore
2155 2204 2358 2257 luteum.

466 2278 654 2348 (Gaza
678 2276 956 2349 pallidum).
1031 2275 1228 2329 Florem
1257 2274 1393 2342 algae
1415 2275 1466 2327 id
1487 2275 1581 2328 effe
1598 2275 1751 2346 >aliqui
1783 2276 1981 2339 volunt,
2019 2291 2167 2349 atque
2201 2298 2262 2332 ex
2295 2286 2360 2332 eo

467 2354 643 2408 fucum
662 2351 954 2406 tunsionum
975 2351 1094 2406 fieri.
1135 2345 1222 2416 (τό
1242 2345 1474 2422 φώριον.)
1530 2347 1783 2402 -Defertur
1801 2350 1852 2402 id
1869 2353 2055 2408 ‚aestatis
2078 2356 2237 2416 initio,
2273 2371 2360 2406 eo-

467 2447 571 2502 que
599 2441 701 2480 tam
727 2428 881 2484 ostrea
919 2442 1069 2496 quam
1097 2422 1312 2493 pisciculi
1343 2426 1446 2489 ejus
1487 2422 1583 2477 loci
1616 2422 1824 2483 aluntur.
1934 2426 2018 2479 Ad
2053 2426 2173 2480 haec
2205 2445 2362 2499 pauca

467 2500 710 2564 monebo.
818 2497 925 2557 Ubi
961 2516 1119 2557 mares
1151 2515 1244 2552 ova
1274 2497 1516 2565 deglutire
1546 2498 1804 2562 dicuntur,
1860 2498 1927 2561 ibi
1961 2497 2209 2556 Alherms
2242 2521 2361 2555 cum

469 2573 614 2632 Scoti
642 2573 862 2628 verfione
894 2571 1134 2626 foeminas
1161 2575 1399 2625 nominat.
1474 2572 1672 2626 Deinde
1691 2592 1784 2626 ova
1809 2573 1930 2628 locis
1953 2581 2245 2646 opportunis
2273 2578 2360 2629 de‘-

471 2650 623 2723 pofita
647 2648 1100 2719 servaridicuntur3
1148 2645 1231 2699 ubi
1249 2663 1423 2714 graeca
1455 2646 1659 2700 habent:
1711 2645 1810 2706 ὃσα
1838 2644 1945 2709 δ’σέμ
1977 2653 2257 2710 ἐκτέχωσψ
2287 2658 2362 2720 5²15·

472 2721 570 2793 ’τὲς
592 2718 775 2792 τόπες,
812 2718 872 2791 ἒς
891 2726 1183 2787 afflaverat-3
1224 2738 1349 2790 quae
1369 2722 1503 2773 sensu
1526 2735 1707 2775 care-nt.
1755 2729 1909 2776 Vetus
1929 2729 2171 2794 interpres
2187 2725 2362 2778 habet:

476 2804 526 2853 in
548 2799 668 2852 locis
693 2802 740 2850 in
763 2815 888 2870 quae
909 2799 1144 2866 epariunt.
1221 2791 1366 2849 Seoti
1392 2794 1566 2849 versio:
1612 2800 1663 2848 in
1696 2795 1820 2850 locis
1850 2796 1934 2850 ubi
1958 2801 2157 2865 ejicitur
2180 2798 2359 2854 foetus.

476 2869 752 2929 Albertus:
810 2868 863 2924 ni
880 2890 895 2923 z
942 2868 1029 2923 illa
1064 2886 1193 2942 quae
1237 2865 1424 2922 cada-nt
1463 2868 1516 2923 in
1554 2866 1678 2923 locis
1707 2867 1919 2942 quiem,
1972 2870 2164 2945 inquo
2184 2873 2364 2947 foetus

477 2944 644 3007 calore
672 2942 766 2999 loci
796 2952 844 2998 et
877 2941 1042 3015 quiete
1079 2940 1222 2997 educi
1244 2942 1421 3015 potest.
1499 2950 1558 2998 Et
1590 2944 1724 2997 hunc
1749 2945 1940 3002 sensum
1971 2947 2174 3002 exhibet
2205 2948 2362 3003 verfio

477 3019 662 3075 Gazae
696 3038 847 3090 quam
867 3019 947 3071 hic
972 3019 1125 3088 posui.
1204 3017 1386 3072 Codex
1409 3019 1667 3072 Mediceus
1686 3016 1896 3089 praefert
1924 3027 2001 3090 ‹⁶3oe
2021 3019 2084 3091 ἒς
2112 3028 2362 3082 ἕκτῇ-ἐξω,

481 3094 619 3165 quod
649 3094 838 3146 sensum
868 3111 1022 3164 aeque
1046 3091 1297 3144 difficilem
1317 3091 1475 3145 habet.
1588 3097 1666 3146 De
1696 3091 1814 3148 suco
1844 3108 2039 3149 natante
2076 3101 2122 3149 in
2153 3099 2363 3150 Oceano

480 3171 631 3224 etiam
654 3182 701 3222 et
719 3162 872 3239 pisces
892 3171 1050 3223 varios
1069 3165 1230 3222 alente
1265 3165 1376 3224 vide
1403 3160 1640 3222 Osbeckii
1668 3172 1882 3223 Itinerar.
1911 3189 1955 3240 p.
1977 3183 2096 3237 398.
2157 3168 2368 3226 Plinius
