2571 3775
439 319 543 369 162
669 343 671 345 ·
1246 326 1538 348 ⁸⁸——

439 449 500 500 tis
542 440 787 496 meatibus
820 438 1062 512 perforata
1095 459 1197 494 non
1229 439 1337 494 finit
1376 445 1643 513 quicquam
1678 446 1851 511 magni
1881 444 2071 512 ingredi
2103 449 2345 499 ventremss

437 525 623 573 Veram
647 520 795 585 igitur
815 521 915 571 oris
937 530 1159 569 naturam
1180 519 1327 568 etiam
1348 515 1430 568 hic
1448 518 1655 586 scriptor
1673 521 1932 585 ignoravit,
1973 537 2123 590 quam
2144 520 2348 574 tandem

441 593 628 647 eodem
660 591 825 646 seculo
854 587 1092 644 Alhertus
1122 608 1184 643 ex
1217 589 1484 643 oculorum
1516 592 1720 645 suorum
1760 595 2042 647 testimonio
2074 593 2348 648 describere

443 668 663 729 videtur,
710 685 829 719 cum
858 664 1042 737 reliqua
1076 668 1299 733 corporis
1327 665 1488 733 specie
1517 671 1689 720 XXIV.
1720 685 1829 739 pag.
1855 686 1976 733 24¹·
1998 687 2038 722 a.
2148 673 2348 724 Locum

444 759 730 817 quanquam
759 738 911 812 paulo
931 738 1216 807 longiorem
1239 756 1510 809 apponam:

596 888 719 950 „Est
739 901 906 940 autem
922 887 1080 940 visum
1099 884 1228 939 aliud
1246 904 1403 955 genus
1426 900 1653 940 cetorum
1670 887 1981 958 temporibus
1999 892 2191 955 nostris,
2214 890 2350 964 quod

451 961 621 1020 habuit
645 982 703 1016 os
724 963 784 1015 ad
807 961 1082 1029 sugendum
1106 960 1290 1032 absque
1313 960 1541 1015 dentibus
1567 990 1634 1002 -—
1681 976 1912 1015 neutrum
1931 962 2079 1018 habet
2102 964 2349 1019 branchos

452 1037 765 1106 (branchias)
797 1055 860 1090 eo
894 1036 1032 1108 quod
1062 1035 1325 1108 quodlibet
1343 1037 1556 1090 vistorum
1585 1050 1827 1104 generum
1856 1038 1998 1108 spirat
2024 1037 2144 1092 ficut
2174 1054 2222 1093 et
2252 1039 2355 1092 del-

381 1156 391 1170 χ
452 1112 647 1185 phinuS.
727 1115 884 1182 Spirat
914 1125 1080 1164 autem
1110 1129 1199 1181 per
1227 1129 1435 1163 cannam
1468 1110 1747 1163 fistularem.
1823 1115 2109 1185 Utrumque
2138 1142 2203 1154 ·—
2241 1115 2357 1184 spis-'-

454 1189 564 1243 sum
585 1200 631 1239 et
654 1190 851 1256 nigrum
871 1185 1018 1239 habet
1039 1189 1233 1238 corium
1254 1184 1590 1255 superaoculos
1611 1187 1742 1247 suos,
1771 1187 1984 1257 quisunt
2007 1186 2147 1240 valde
2173 1193 2356 1257 magni²

460 1266 524 1317 ita
559 1261 697 1332 quod
727 1260 1015 1333 quindecim
1045 1259 1277 1313 homines
1311 1259 1442 1328 large
1477 1264 1608 1330 capit
1636 1258 1781 1312 fovea
1812 1265 1955 1314 unius
1986 1261 2148 1325 oculi,
2195 1278 2246 1316 et
2276 1263 2360 1316 ali-

456 1335 663 1409 quando
695 1339 823 1406 capit
848 1353 938 1388 20:
975 1349 1024 1388 et
1052 1335 1158 1387 sunt
1191 1334 1520 1387 additamenta
1549 1353 1638 1404 per
1671 1334 1884 1399 modum
1917 1335 2145 1390 ciliorum
2176 1357 2358 1391 cornea

460 1410 783 1478 longitudinis
810 1409 1173 1480 odio-pedum,
1222 1423 1271 1461 et
1298 1413 1462 1462 minus
1493 1424 1541 1463 et
1568 1408 1705 1479 pluS‚
1750 1410 2022 1463 secundum
2051 1412 2187 1484 quod
2220 1413 2359 1482 piscis

463 1487 532 1539 est
561 1488 718 1551 major
749 1484 828 1538 vel
847 1488 1031 1537 minor:
1076 1498 1125 1536 et
1144 1482 1266 1535 haec
1294 1483 1623 1537 additamenta
1652 1501 1833 1536 cornea
1856 1485 1964 1537 sunt
1993 1489 2043 1537 in
2074 1487 2231 1554 figura
2257 1506 2362 1540 ma-

467 1577 593 1628 gnae
626 1557 788 1622 salcis,
825 1564 971 1626 (cum
992 1577 1088 1630 qua
1107 1559 1269 1610 secant
1295 1561 1540 1626 gramina)
1570 1573 1617 1611 et
1646 1559 1752 1610 sunt
1773 1558 1982 1612 ducenta
2008 1564 2361 1633 quinquaginta

466 1636 609 1703 super
634 1633 840 1688 oculum
871 1652 1054 1696 unum,
1095 1647 1144 1685 et
1170 1632 1379 1686 totidem
1410 1633 1546 1703 super
1575 1632 1810 1695 alterum,
1850 1648 1898 1686 et
1929 1653 1992 1686 ex
2024 1650 2158 1705 parte
2187 1634 2362 1689 latiore

471 1708 746 1762 radica-ntur
774 1712 822 1762 in
851 1707 1004 1778 pelle,
1041 1722 1091 1760 et
1121 1726 1184 1760 ex
1215 1722 1348 1778 parte
1377 1706 1616 1761 strifiiore
1644 1708 1943 1777 separantur,
1984 1727 2077 1761 nec
2107 1714 2361 1778 eriguntur

468 1787 534 1837 ita
568 1783 704 1855 quod
725 1784 961 1851 rigescant
989 1780 1214 1853 porreila
1235 1782 1295 1834 de
1328 1800 1567 1851 corpore,
1604 1781 1686 1833 sed
1705 1784 1867 1848 jacent
1896 1782 2118 1852 dispofita
2152 1803 2178 1836 a
2199 1785 2363 1838 radice

471 1857 605 1912 oculi
641 1859 800 1911 versus
831 1872 1055 1928 tempora
1082 1857 1252 1926 piscis,
1292 1860 1356 1908 ita
1387 1856 1524 1927 quod
1550 1870 1782 1925 apparent
1806 1874 1962 1909 unum
1987 1877 2046 1910 os
2066 1857 2217 1910 latum
2245 1858 2365 1912 ficut

470 1950 714 2000 magnum
737 1951 984 1994 vannum,
1017 1945 1066 1984 et
1088 1934 1240 1983 utitur
1269 1948 1333 1983 eo
1351 1932 1490 2000 piscis
1521 1948 1612 2001 pro
1633 1934 1950 2000 coopertorio
1974 1931 2109 1985 oculi
2138 1934 2209 1985 sui
2238 1948 2366 1988 tem-

471 2025 595 2078 pore
616 2024 823 2074 magnae
845 2009 1156 2076 tempestatis,
1193 2007 1267 2058 Os
1291 2019 1458 2058 autem
1481 2004 1628 2058 habet
1645 2004 1885 2075 amplum,
1916 2020 1967 2058 et
1984 2006 2185 2078 quando
2205 2009 2363 2079 spirat,

475 2085 664 2135 evomit
681 2099 742 2134 ex
763 2081 864 2151 ipso
886 2080 1092 2133 multam
1115 2098 1308 2151 aquam,
1332 2099 1426 2152 qua
1446 2078 1708 2151 aliquando
1729 2078 1902 2149 implet
1920 2080 2166 2135 naviculas
2188 2097 2237 2136 et
2258 2083 2366 2136 sub-

476 2160 667 2224 mergit.
706 2160 880 2209 Pinnas
905 2171 1069 2208 autem
1089 2154 1238 2207 habet
1257 2173 1485 2222 magnas,
1520 2172 1645 2226 quae
1666 2154 1841 2206 suntin
1863 2155 2016 2222 figura
2036 2155 2286 2226 delphini,
2318 2173 2366 2211 et

475 2231 685 2283 caudam
717 2229 865 2283 habet
890 2227 1208 2290 bifurcatam‚
1249 2231 1388 2294 cujus
1421 2227 1624 2281 latitudo
1653 2230 1720 2281 est
1747 2227 1857 2297 plus
1887 2247 2035 2299 quam
2072 2248 2139 2295 24
2162 2232 2367 2301 pedum,

475 2305 676 2378 quando
697 2305 834 2375 piscis
856 2304 916 2356 ad
937 2302 1160 2355 debitum
1180 2308 1401 2371 pervenit
1419 2299 1796 2355 incrementut'n.
1846 2304 2018 2357 Costas
2036 2307 2202 2357 autem
2221 2305 2368 2359 habet

479 2397 650 2431 curvas
671 2393 720 2431 et
739 2377 908 2446 longas
928 2377 989 2429 ad
1011 2377 1361 2446 spissitudinem
1380 2377 1538 2445 piscis,
1562 2390 1609 2428 et
1629 2377 1806 2428 suntin
1825 2381 2093 2447 quantitate
2112 2383 2368 2447 tignorum

479 2457 531 2506 in
559 2456 748 2520 magnis
774 2450 1007 2505 domibus
1028 2482 1089 2491 —
1130 2450 1229 2503 hoc
1260 2453 1447 2519 experti
1477 2451 1666 2512 sumus,
1705 2453 1863 2517 majus
1891 2453 1958 2504 est
1982 2453 2120 2523 quod
2144 2457 2210 2507 est
2237 2474 2368 2509 onus

483 2541 819 2586 trecentorum
850 2545 1083 2578 curruum
1110 2539 1210 2577 tam
1239 2529 1288 2577 in
1312 2543 1456 2577 carne
1477 2543 1624 2596 quam
1648 2529 1695 2578 in
1717 2524 1928 2588 ostibus,
1968 2528 2170 2599 quando
2191 2529 2369 2584 divisus

440 2642 443 2644 -
481 2604 571 2655 est:
629 2616 679 2654 et
708 2616 807 2654 tam
837 2604 1003 2668 magni
1035 2618 1146 2669 raro
1175 2604 1452 2669 capiuntur:
1495 2600 1576 2652 sed
1609 2599 1671 2652 de
1704 2600 1957 2663 ducentis,
2014 2616 2062 2653 et
2093 2619 2295 2655 centum
2321 2620 2368 2657 et

479 2680 829 2748 quinquaginta
861 2689 907 2727 et
928 2674 1035 2744 plus
1057 2692 1229 2744 parum
1249 2689 1297 2727 et
1317 2678 1480 2726 minus
1499 2674 1605 2726 sunt
1624 2678 1707 2745 qui
1725 2673 2004 2745 frequenter
2024 2677 2152 2744 apud
2175 2697 2267 2730 nos
2293 2696 2371 2730 ca-

481 2755 697 2821 piuntur.
731 2749 812 2802 hic
841 2750 979 2819 piscis
1014 2752 1202 2816 virgam
1231 2747 1376 2800 habet
1405 2762 1454 2799 et
1488 2748 1733 2802 testiculos
1768 2751 1895 2800 intus
1926 2752 1975 2800 in
2009 2768 2221 2819 corpore
2252 2751 2373 2806 ficut

480 2824 767 2895 delphinus,
801 2838 849 2877 et
878 2826 1062 2876 emittit
1091 2841 1202 2875 eam
1229 2837 1453 2891 tempore
1485 2827 1671 2884 coituS‚
1715 2820 1968 2875 et.femina
1998 2822 2144 2877 habet
2167 2824 2365 2880 vulvam

479 2897 579 2953 fere
609 2897 886 2968 dispositam
928 2896 1046 2950 ficut
1074 2896 1213 2950 vulva
1255 2896 1483 2949 mulieris.
1592 2896 1810 2965 Qiando
1850 2915 1971 2949 vero
2005 2902 2109 2951 coit
2147 2898 2367 2955 foemina

479 2974 709 3042 supponit
728 2975 774 3026 se
796 2977 939 3034 mari,
980 2970 1097 3024 ficut
1119 2970 1297 3023 mulier
1325 2974 1431 3023 viro
1464 2984 1513 3022 et
1538 2970 1763 3041 delphina
1787 2969 2046 3039 delphino:
2080 2973 2161 3026 sed
2181 2973 2367 3028 velocis

483 3049 550 3099 est
572 3052 754 3109 coituS‚
786 3046 905 3100 ficut
936 3050 1106 3100 omnia
1135 3043 1389 3102 animalia,
1420 3063 1546 3115 quae
1578 3044 1825 3098 testiculos
1856 3043 2037 3098 habent
2056 3051 2275 3100 interius.
2299 3079 2370 3091 μ·-

480 3119 674 3176 lardum
690 3120 838 3176 habet
858 3121 938 3176 hic
956 3121 1098 3193 piscis
1119 3124 1171 3175 in
1192 3119 1338 3178 dorso
1356 3117 1473 3176 ficut
1491 3137 1701 3190 porcus,
1737 3134 1785 3173 et
1812 3121 1880 3175 est
1901 3119 2084 3174 multae
2108 3123 2366 3192 pinguedi-

2270 3200 2365 3264 nis>
