2571 3775
280 455 650 520 'Verumtamen'
666 460 855 529 experti
891 459 943 519 in
962 458 1085 508 mari
1105 454 1278 508 dicunt
1296 453 1397 509 hoc
1422 453 1601 508 animal
1628 454 1711 508 diu
1735 457 1940 520 durare,
1977 456 2011 512 fi
2042 456 2174 511 salia-

287 554 391 601 tur,
419 537 554 609 quod
578 552 680 587 non
707 534 998 585 sufficienter
1018 544 1184 582 tamen
1208 528 1474 599 probatum
1495 531 1588 581 est:
1645 531 1727 582 sed
1759 530 1792 583 fi
1825 535 1888 584 ita
1921 535 2012 593 est,
2054 546 2173 585 tunc

288 615 346 666 fit
363 613 462 663 hoc
483 627 545 661 ex
566 607 670 660 salis
695 605 1029 659 desiccatione.
1107 603 1312 656 Videtur
1335 618 1499 656 tamen
1520 602 1641 656 mihi
1661 606 1797 677 quod
1819 609 1982 676 potius
2005 623 2066 657 ex
2079 605 2175 658 sale

289 683 582 742 dissolvitur,
620 681 758 753 quod
782 680 844 732 sal
868 679 1084 751 liquescit
1105 696 1167 730 ex
1187 676 1451 750 aquositate
1473 676 1625 748 ipsius.

433 755 600 808 Verfio
621 769 760 808 vetus
781 754 911 825 apud
942 751 1002 808 V
1001 750 1273 808 incentimn
1294 756 1438 804 XVII.
1459 771 1497 804 c.
1520 771 1634 817 14¹·
1669 755 1732 805 ita
1753 750 1913 805 habet.
1952 752 2172 821 Qidam

285 847 312 887 a
334 829 476 894 limo,
499 829 699 902 quidam
726 829 787 882 ab
807 846 968 889 arena,
1003 827 1204 899 quidam
1223 845 1311 897 per
1331 825 1767 897 putrefailionem,
1800 845 1922 899 quae
1946 829 2012 880 est
2033 829 2177 897 super

281 923 458 977 aquas,
502 919 556 957 ut
574 903 791 973 aphron,
825 905 909 975 qui
942 903 1010 955 est
1034 919 1096 953 ex
1117 919 1241 973 aqua
1267 938 1282 963 ,
1319 901 1521 973 quando
1538 905 1749 954 moritur
1769 900 1888 953 alius
1918 900 1978 953 ab
1999 921 2062 955 eo
2083 919 2174 969 ge-

281 993 492 1031 neratur.
579 978 797 1046 Qiidam
823 981 971 1030 etiam
994 976 1132 1044 piscis
1153 994 1179 1028 a
1200 990 1325 1028 terra
1349 990 1635 1043 generatum
1698 977 1836 1041 cujus
1864 974 2055 1043 signum
2084 977 2172 1038 est,

283 1057 395 1125 quia
425 1052 623 1125 quando
643 1067 837 1123 tempus
858 1049 1092 1118 frigidum
1112 1052 1181 1103 est
1201 1054 1370 1110 venari
1385 1069 1489 1103 non
1509 1051 1696 1120 potest3
1741 1068 1856 1101 cum
1875 1055 2041 1102 autem
2063 1051 2168 1102 dies

284 1127 442 1180 clarus
463 1125 630 1190 fuerit,
668 1126 880 1179 ascendit
904 1125 966 1177 de
987 1138 1110 1177 terra
1132 1137 1180 1176 et
1200 1122 1418 1178 calorem
1440 1128 1585 1195 petit,
1611 1138 1666 1193 'et
1684 1137 1803 1176 tunc
1823 1128 1987 1176 venari
1999 1125 2175 1194 potest.

284 1201 503 1269 Qidam
538 1219 656 1254 vero
683 1201 834 1271 pisces
868 1201 974 1252 sunt
998 1217 1060 1251 ex
1086 1199 1254 1268 spuma
1271 1236 1285 1260 ,
1325 1217 1449 1270 quae
1473 1203 1607 1252 venit
1630 1217 1692 1251 ex
1720 1217 1843 1271 aqua
1865 1198 2087 1269 pluviae,
2122 1212 2172 1251 et

283 1276 512 1328 dicuntur
535 1273 770 1345 spumosi,
810 1274 990 1346 visique
1009 1274 1186 1326 suntin
1207 1272 1283 1326 illa
1312 1273 1481 1343 spuma
1503 1272 1736 1336 ebullire,
1785 1272 1904 1326 ficut
1927 1271 2171 1326 ebulliunt

282 1369 477 1403 vermes
508 1354 557 1403 in
588 1352 815 1402 stercore.
890 1352 1123 1420 Cumque
1152 1345 1296 1400 fuerit
1325 1366 1480 1401 annus
1509 1348 1756 1418 pluviosus
1787 1362 1834 1401 et
1860 1346 2044 1401 calidus
2078 1351 2172 1400 erit

282 1424 573 1477 abundantia
604 1428 796 1492 generis
825 1424 972 1476 istius.
1069 1424 1394 1492 Comparatio
1418 1422 1541 1475 haec
1561 1423 1710 1476 docet
1731 1436 1995 1495 utrumque
2019 1426 2172 1475 inter-

280 1513 470 1569 pretem
497 1500 715 1551 secutum
750 1497 843 1551 esse
876 1497 1112 1550 vetustam
1141 1493 1287 1550 Scoti
1315 1496 1591 1551 versionem
1619 1517 1681 1550 ex
1709 1497 1930 1550 Arabico
1963 1495 2170 1561 fadiamg

281 1572 342 1625 ab
359 1569 570 1626 Alberto
594 1573 758 1626 tamen
780 1571 932 1627 multa
953 1570 1090 1624 fuisse
1105 1585 1297 1624 attexta.
1373 1572 1570 1626 Deinde
1582 1573 1637 1626 fit
1652 1591 1713 1625 ex
1726 1571 1945 1625 verfione
1958 1565 2168 1625 Alberti

280 1646 608 1709 manifestum,
628 1651 677 1700 in
699 1644 842 1701 Scotz'
863 1645 1083 1700 verfione
1103 1643 1300 1699 adfuisse
1321 1650 1631 1700 mentionem
1659 1647 1876 1700 trichidis
1898 1660 1946 1700 et
1968 1644 2167 1705 trichia-

278 1741 421 1784 rum,
458 1722 767 1793 eandemque
788 1720 888 1774 fere
907 1719 974 1773 ibi
998 1725 1370 1788 generationem
1399 1721 1582 1775 horum
1610 1722 1813 1792 piscium
1843 1720 1979 1775 fuiffe
2002 1738 2164 1774 narra-

277 1811 407 1858 tam;
453 1797 534 1850 sed
553 1814 647 1866 pro
667 1795 907 1848 Salamine
930 1796 1124 1848 videtur
1142 1798 1192 1847 in
1212 1792 1357 1849 Scoti
1387 1796 1562 1850 codice
1583 1795 1723 1850 fuisse
1743 1794 1977 1851 Colowus.
2054 1800 2162 1848 No-

280 1890 398 1924 men
417 1889 569 1942 apuae
592 1888 826 1939 graecum
851 1874 979 1924 varie
1013 1883 1304 1940 corruptum
1329 1869 1527 1924 exhibet
1547 1865 1786 1925 filbertus
1796 1890 1820 1940 ;
1856 1871 2089 1943 idemque
2109 1874 2161 1924 in

281 1944 407 2009 libro
427 1950 600 1997 XXI-V.
630 1965 676 2015 p.
702 1963 823 2009 24¹·
842 1964 882 1998 a.
968 1942 1192 2008 Alsos-aa,
1228 1947 1415 2016 inquit,
1449 1946 1585 2016 piscis
1608 1947 1701 2009 est,
1727 1950 1810 2017 qui
1827 1965 1888 2000 ex
1906 1946 2162 2015 putredine

282 2018 370 2071 luti
392 2034 673 2087 generatur,
713 2035 760 2072 et
774 2023 823 2072 in
839 2018 945 2073 luto
961 2056 976 2081 ,
1015 2018 1108 2073 five
1127 2037 1251 2090 aqua
1269 2034 1554 2089 procreatur
1570 2021 1631 2073 ad
1653 2021 1866 2075 modum
1886 2018 2163 2081 vermiculi,

281 2096 364 2166 qui
384 2098 563 2146 vermis
582 2111 704 2165 aqua
726 2094 1013 2146 ascendente
1035 2093 1305 2146 concrescit
1323 2097 1371 2145 in
1398 2095 1594 2163 piscem.
1670 2099 1748 2147 De
1768 2094 2064 2149 hoc.nautae
2088 2094 2164 2145 di-

280 2184 423 2230 cunt,
465 2168 726 2240 quomodo
745 2167 779 2220 fi
798 2169 1113 2221 consumatur
1137 2165 1432 2237 putrefafflus
1463 2169 1613 2241 usque
1645 2169 1706 2221 ad
1736 2185 1947 2241 caputet
1967 2168 2160 2231 ocuIOS,

276 2244 567 2295 adveniente
594 2260 716 2314 aqua
739 2245 919 2294 iterum
936 2242 1222 2303 renascitur,
1244 2255 1292 2293 et
1314 2255 1432 2294 tunc
1456 2243 1541 2295 diu
1561 2247 1701 2306 vivit,
1727 2262 1844 2296 cum
1863 2259 2029 2298 tamen
2049 2259 2163 2297 ante

280 2317 568 2380 huiusmodi
592 2315 858 2369 secundam
879 2316 1013 2368 suam
1032 2319 1403 2384 generationem
1425 2334 1601 2387 parvae
1621 2321 1747 2370 vitae
1774 2317 1841 2371 fit.
1916 2324 1982 2372 Ita
2012 2323 2160 2371 etiam

288 2389 591 2447 Vincentius
609 2395 752 2443 XVII.
785 2408 984 2460 cap.29.
1074 2389 1327 2460 Alphoraz
1359 2393 1424 2445 est
1457 2392 1620 2461 piscis,
1677 2396 1762 2465 qui
1790 2412 1894 2446 non
1927 2398 2160 2462 gignitur,

278 2466 360 2519 secl
383 2471 433 2519 in
457 2465 573 2519 loco
596 2465 781 2527 lutoso,
819 2463 902 2516 ubi
922 2483 1025 2518 non
1057 2466 1124 2517 est
1145 2482 1295 2536 aqua,
1334 2483 1398 2517 ex
1417 2465 1556 2536 ipsius
1577 2465 1679 2519 ludi
1698 2468 1954 2537 putredine
1975 2472 2025 2520 in
2048 2488 2163 2521 mo-

281 2542 403 2593 dum
431 2539 686 2593 vermiculi
723 2553 925 2592 creatur.
1003 2540 1170 2592 Postea
1199 2558 1318 2590 cum
1351 2541 1619 2593 ascenderit
1648 2559 1862 2613 aquam,
1908 2544 2074 2596 crescit
2107 2548 2158 2595 in

277 2617 488 2687 piscem,
527 2615 668 2668 durat
693 2628 859 2667 autem
891 2612 1097 2666 modico
1140 2619 1365 2683 tempore
1401 2619 1599 2688 citoque
1637 2616 1919 2670 dissolviturss
2014 2622 2159 2685 Qiae

277 2690 480 2762 quidem
503 2709 605 2744 non
629 2709 689 2742 ex
713 2682 930 2742 Albmo
954 2688 1036 2740 sed
1057 2706 1119 2740 ex
1141 2685 1284 2742 Scotz'
1302 2688 1521 2742 versione
1538 2689 1633 2742 effe
1665 2707 1892 2763 excerpta
1915 2692 2160 2746 diversitas

275 2765 454 2819 suadet.
528 2764 668 2818 Idem
695 2764 908 2835 denique
936 2781 1125 2816 nomen
1157 2781 1274 2815 cum
1303 2760 1464 2822 fabula
1506 2769 1700 2837 repetiit
1729 2761 2162 2821 Bartholomaeus

272 2838 531 2907 Anglicus.

424 2910 698 2966 Defunc‘tus
740 2914 1108 2981 comparatione
1151 2908 1429 2964 versionum
1462 2915 1798 2984 antiquarum,
1871 2932 1934 2966 ex
1979 2912 2156 2986 quibus

275 2987 486 3042 eruditio
518 2992 681 3041 omnis
720 2985 998 3038 seculorum
1028 2983 1349 3037 barbarorum
1385 2986 1643 3056 pependit,
1694 2991 1958 3041 nominum
1990 2989 2158 3042 sterilis

272 3076 454 3123 mater,
503 3062 690 3114 tras-:seo
717 3079 846 3112 nunc
881 3060 941 3112 ad
962 3059 1267 3130 reliquorum
1292 3078 1570 3134 eorumque
1598 3065 1932 3134 antiquiorum
1954 3065 2158 3135 scripto-

269 3151 381 3192 rum
400 3140 728 3192 imitationem
749 3154 812 3189 ex
833 3131 1104 3206 Aristotele
1124 3131 1338 3186 duc‘lam.
1415 3140 1489 3188 Ex
1518 3140 1779 3192 communi
1817 3138 1983 3213 aliquo
2016 3139 2156 3194 fonte

1270 3210 1314 3264 C
1357 3228 1380 3274 3
1951 3215 2153 3285 scripto-
