2571 3775
1094 312 1389 355 -·.·········
2155 315 2194 366 9

452 429 655 496 Ψῦλων.
702 431 887 501 Psylon.
931 424 1228 500 Aristotelis
1266 426 1407 482 locus
1435 424 1625 494 V1.14.
1683 429 1809 481 inter
1837 425 2093 482 fluviatiles
2138 440 2188 482 et
2241 426 2282 468 P.
2316 438 2354 483 5·

300 512 530 566 lacustres
558 509 709 578 pisces
741 510 967 560 nominat
999 509 1148 558 etia-m
1182 499 1446 567 ,Ψύλωνοι,
1494 516 1548 554 ut
1580 502 1893 571 gregatilem‚
1929 508 2014 576 qui
2049 506 2184 570 juxta
2240 483 2321 528 No.
2355 500 2393 542 7·

303 587 441 639 litora
461 580 901 653 tranquillapariat.
978 577 1159 634 Gazae
1187 577 1342 631 verfio
1362 577 1430 630 ibi
1447 575 1689 631 fullonem
1711 581 1951 638 nominat,
1976 574 2186 632 Alberti

302 655 474 730 Cylon.
543 656 724 709 Codex
747 659 928 724 Regius
949 652 1211 707 Parifienfis
1241 651 1476 715 Ψίλονοι,
1519 652 1803 713 MediCfflS,
1851 650 2091 705 Cassififflli
2133 666 2183 705 et

298 747 436 784 vetus
469 729 621 783 verfio
647 724 884 793 τύλωνοι,
926 728 1146 794 tylonem
1167 730 1451 788 nominant,
1485 723 1629 780 Scoti
1658 725 1812 779 verfio
1842 722 2056 780 cilonem.
2127 730 2182 780 In

291 807 662 858 commentario
695 803 838 875 Aug.
868 799 1049 874 le'lolli
1081 805 1170 856 est:
1218 795 1409 860 Χύλων
1442 798 1586 853 latine
1619 814 1726 854 tum
1755 797 1878 853 ΜΗΘ
1909 814 2013 853 tum
2023 797 2180 870 fullo.

295 878 462 933 Verfio
484 880 666 931 vetusta
685 879 815 949 apud
842 874 900 931 V
899 873 1168 932 iacentium
1188 879 1333 928 XVII.
1357 893 1460 944 cap.
1493 892 1604 938 145.
1691 874 1911 944 Quidam
1943 893 2065 929 vero
2093 879 2177 947 qui

296 953 473 1006 dicitur
493 951 681 1020 thylon‚
708 952 949 1023 pullificat.
965 970 1120 1022 prope
1141 956 1298 1021 ripam
1317 953 1464 1002 maris
1485 952 1536 1002 in
1556 948 1678 1002 locis
1706 953 1755 1001 in
1788 947 1965 1021 quibus
1988 951 2177 1019 semper

294 1042 468 1080 ventus
498 1030 730 1098 pereutit,
770 1041 819 1080 et
847 1025 947 1080 hoc
977 1044 1134 1093 genus
1161 1030 1213 1078 in
1239 1023 1452 1077 modum
1478 1027 1641 1091 gregis
1675 1023 1907 1075 discurrit.
2003 1023 2176 1078 Ledlio

290 1105 441 1170 igitur
479 1101 603 1154 haec
646 1096 869 1161 θύλωγρι
915 1098 1145 1170 praebet!
1216 1101 1438 1151 varietas
1484 1097 1609 1151 haec
1650 1097 1788 1150 ducit
1833 1116 1927 1151 nos
1976 1097 2041 1151 ad
2084 1117 2173 1153 vo-

293 1175 526 1229 cabulum
571 1175 769 1236 τίλλων
806 1174 943 1247 quod
984 1175 1168 1244 piscem
1202 1191 1359 1244 aeque
1395 1171 1682 1226 fluviatilem
1716 1171 1975 1241 fignificat,
2018 1191 2172 1245 quem

288 1246 591 1319 Aristoz‘eles
610 1255 724 1302 VIII.
749 1267 832 1301 20.
872 1247 1122 1302 vermibus
1153 1246 1362 1302 infestari
1383 1245 1470 1299 sub
1495 1245 1796 1309 caniculam,
1828 1247 2173 1320 summamque

288 1329 341 1376 in
359 1342 541 1398 aquam
560 1323 744 1377 elatum
767 1321 1002 1375 debilitari
1039 1322 1203 1376 calore
1223 1335 1275 1375 et
1292 1325 1423 1375 mori
1443 1335 1655 1374 annotat.
1753 1320 1893 1373 Idem
1912 1319 2007 1374 effe
2035 1322 2170 1375 vide-

287 1413 384 1461 tur,
423 1403 506 1472 qui
525 1402 650 1452 inter
673 1397 804 1451 lacus
824 1396 1066 1450 Prafianae
1089 1397 1334 1452 Thraciae
1353 1396 1505 1466 pisces
1530 1395 1805 1448 recensetur
1822 1394 1882 1448 ab
1902 1392 2169 1449 Herodoto

287 1475 346 1524 V.
375 1479 452 1526 16.
501 1487 551 1526 et
590 1476 874 1527 nominatur
899 1471 1074 1530 τίλων,
1190 1470 1284 1522 Sed
1326 1469 1507 1525 Codex
1533 1470 1791 1524 Mediceus
1820 1472 1869 1523 in
1894 1466 2169 1538 Aristotele

286 1547 526 1625 τρῖλωνι,
562 1546 752 1610 triloni‚
787 1545 962 1608 habet,
1003 1559 1144 1599 vetus
1165 1543 1318 1598 verfio
1339 1563 1365 1597 a
1389 1542 1575 1599 Comus
1605 1542 1816 1614 inspedla
1856 1540 2046 1597 'Ihron

435 1623 606 1693 Atque
628 1621 746 1675 hinc
767 1634 963 1692 apparet
984 1618 1113 1673 nulla
1143 1620 1286 1691 plane
1305 1623 1495 1672 ratione
1527 1617 1662 1672 dubii
1694 1621 1921 1689 nominis
1940 1617 2073 1671 hunc
2092 1621 2166 1688 pi-

285 1696 419 1750 scem
447 1699 721 1766 comparari
750 1696 884 1766 posse
917 1713 1034 1748 cum
1064 1713 1128 1748 eo
1157 1712 1309 1767 quem
1338 1691 1581 1748 fullonem
1611 1694 1888 1768 (γναφέα)
1920 1691 2165 1763 appellant

290 1768 644 1842 Epaenetuset
663 1768 868 1823 Dorion
891 1768 1023 1841 apud
1047 1766 1405 1840 Atlien.V11.p.
1425 1785 1547 1831 297.
1622 1765 1832 1822 Plinius
1851 1766 2164 1822 scarabaeum

284 1844 501 1917 aliquem
530 1842 774 1898 fullonem
804 1848 1029 1899 nominat
1048 1846 1207 1896 XXX.
1231 1859 1334 1914 cap.
1365 1862 1381 1894 ι
1401 1863 1442 1894 1.
1490 1840 1552 1894 ab
1573 1841 1692 1896 albis
1711 1845 1859 1910 guttis
1881 1840 2058 1915 quibus
2086 1845 2167 1895 ina-

284 1918 428 1987 fignis
455 1932 569 1973 erat.
643 1918 872 1973 Fullones
900 1922 1034 1972 enim
1057 1919 1210 1971 vestes
1236 1932 1365 1970 creta
1398 1917 1688 1988 depurgatas
1718 1915 2049 1987 splendescere
2068 1935 2159 1971 co·-

283 1992 492 2061 gebant,
517 1993 634 2045 hinc
658 1993 767 2064 ipsi,
802 2008 854 2047 ut
878 2008 1045 2046 natura
1075 1993 1259 2063 opificii
1280 1990 1396 2055 fert,
1431 2005 1559 2044 creta
1581 1990 1763 2064 ubique
1783 1991 2086 2060 conspurcati
2109 2003 2161 2045 et

283 2072 453 2122 notati.
528 2071 629 2121 Has
657 2071 804 2135 igitur
838 2066 1054 2120 maculas
1093 2068 1178 2120 seu
1216 2080 1375 2134 guttas
1415 2070 1632 2133 cogitare
1668 2068 1816 2118 etiam
1837 2064 2077 2119 debemus
2109 2069 2158 2119 in

282 2143 410 2212 pisce
429 2139 541 2203 illo,
569 2155 720 2212 quem
748 2139 923 2194 Dorio
944 2138 1182 2194 fullonem
1204 2140 1351 2200 dixit3
1395 2153 1540 2212 atque
1559 2138 1675 2192 hinc
1707 2140 1865 2192 statim
1894 2140 1979 2192 fiet
2002 2143 2161 2193 mani-³

279 2213 457 2268 festum
476 2233 663 2268 nomen
686 2215 809 2268 istud
828 2219 878 2267 in
899 2218 1082 2267 tineam
1102 2227 1260 2267 totam
1284 2212 1494 2266 luridam
1515 2228 1562 2266 et
1582 2213 1935 2281 nigrescentem
1951 2217 2160 2270 minime

280 2293 561 2344 convenire.
653 2285 858 2343 Tincam
889 2285 1103 2342 viridem
1127 2284 1274 2358 vulgi
1276 2284 1475 2359 solatia
1495 2291 1767 2341 nominavit
1784 2291 1970 2358 primus
1992 2285 2161 2359 Auso-

280 2362 401 2418 nius
436 2368 486 2418 in
512 2362 717 2417 Mosella
747 2363 885 2416 versu
914 2384 930 2414 1
948 2380 972 2413 2
989 2383 1031 2421 ς.
1104 2366 1237 2415 Hinc
1265 2360 1529 2416 Gallorum
1567 2357 1766 2416 Tenche.
1844 2360 2157 2417 Vocabulum

285 2437 339 2493 T
333 2435 485 2492 euclm
512 2441 629 2492 vitio
650 2439 908 2507 scripturae
933 2438 1084 2490 exstat
1112 2440 1163 2489 in
1189 2433 1249 2491 V
1248 2433 1462 2490 irzcemio
1484 2441 1628 2489 XVII.
1647 2454 1749 2507 cap.
1764 2441 1849 2501 96.
1925 2436 2157 2500 Teucha‚

278 2516 464 2586 inquit,
499 2513 636 2583 piscis
655 2514 722 2565 est
744 2510 948 2566 fluvialis
969 2509 1046 2565 vel
1066 2508 1325 2579 stagnensis
1346 2509 1580 2564 omnibus
1602 2525 1766 2572 notu8‚
1802 2514 1851 2563 in
1868 2509 2007 2573 limo,
2035 2510 2155 2566 ficut

278 2587 487 2656 anguilla
504 2624 518 2650 ,
552 2591 786 2648 nutritus,
836 2585 966 2639 unde
993 2599 1042 2639 et
1060 2587 1165 2651 ejus
1189 2583 1372 2638 coloris
1394 2587 1486 2647 est,
1529 2584 1710 2638 scilicet
1742 2582 1859 2638 lutei
1885 2584 1980 2639 five
2013 2589 2164 2654 nigri·

275 2666 637 2716 Germanicum
670 2666 827 2715 tincae
857 2678 1045 2714 nomen
1079 2656 1258 2729 Sligen
1282 2660 1441 2729 posuit
1469 2655 1718 2713 Albertus
1752 2661 1814 2712 de
1842 2658 2152 2723 falconibus,

277 2756 382 2806 cap.
419 2756 497 2802 19.
526 2756 570 2807 p.
606 2755 721 2802 ¹9¹·
766 2738 816 2789 in
847 2735 1063 2788 editione
1090 2751 1204 2788 mea
1233 2734 1464 2788 Friderici
1484 2737 1537 2788 11.
1565 2733 1629 2786 de
1660 2748 1763 2788 arte
1794 2734 2006 2788 venandi
2035 2754 2153 2789 cum

275 2810 444 2866 avibus
463 2809 644 2881 Lipfiae
673 2821 829 2874 1788.
858 2807 996 2863 facia.
1828 2854 1832 2861 ,.

423 2882 621 2954 Nasus.
661 2881 910 2938 Albertus
945 2886 1116 2937 XXIV.
1145 2900 1192 2954 p.
1219 2898 1340 2947 244.
1398 2881 1551 2935 Nasus
1579 2881 1717 2952 piscis
1748 2882 1815 2935 est
1842 2885 1891 2935 in
1917 2879 2175 2937 Danubio>
2204 2891 2243 2934 Ρ.
2270 2891 2310 2937 6.

273 2973 323 3012 et
348 2963 486 3032 aquis
515 2963 564 3012 in
596 2957 884 3012 Danubium
915 2956 1178 3011 fluentibus
1210 2972 1260 3010 et
1288 2958 1356 3011 est
1383 2956 1502 3010 ficut
1531 2954 1835 3018 monachus,
1877 2957 1960 3010 sed
1991 2958 2152 3025 magis
2205 2950 2282 2991 No.
2310 2963 2352 3006 9·

243 3048 245 3050 ’
270 3039 431 3088 tenuis
451 3047 500 3087 et
519 3033 711 3103 spiffum
740 3031 887 3086 habet
907 3032 1048 3088 valde
1067 3033 1251 3085 nasum.
1362 3031 1501 3083 Idem
1521 3035 1617 3083 VII.
1645 3049 1691 3101 p.
1717 3042 1743 3088 8
1758 3050 1798 3090 3.
1818 3047 1858 3082 a.
1890 3031 1973 3084 sed
1999 3035 2148 3084 etiam

269 3110 421 3182 pisces
444 3108 572 3182 apud
591 3127 686 3164 nos
712 3107 829 3163 tales
851 3107 1032 3181 lapides
1055 3107 1324 3235 spepiffinsse
1343 3104 1579 3162 habentes
1591 3105 1701 3160 sunt
1721 3107 1778 3168 is,
1802 3124 1954 3179 quem
1974 3124 2152 3235 mlqna-

1998 3198 2024 3233 c
2064 3199 2151 3241 um
