2571 3775
411 312 509 366 84*
1197 309 1486 330 ““““““““““““

408 425 669 500 generibus
706 424 954 479 novimus.
1029 422 1189 478 Video
1218 442 1350 476 nunc
1369 423 1685 479 Scholiorum
1705 443 2000 494 graecorum
2019 423 2299 494 auciorem,

412 521 537 576 quae
560 496 795 574 Oppiani
820 497 997 553 Codici
1011 497 1290 569 Mosquenfi
1309 499 1542 570 adscripta
1565 519 1766 553 mecum
1786 501 2130 555 humaniffime
2150 504 2309 557 com?

410 580 678 632 municavit
698 577 906 626 amicitia
924 576 1015 625 viri'
1034 571 1296 626 doetiffimi
1326 570 1371 625 l.
1389 570 1486 626 Fr.
1506 570 1799 641 Matthaei,
1842 576 1902 627 ad
1932 578 2124 629 versum
2165 584 2290 637 256.

410 651 520 704 libri
552 653 699 720 primi
724 650 1036 715 interpretari
1065 647 1216 716 pisces
1246 645 1477 716 aulopos:
1537 646 1770 700 habentes
1814 649 1991 703 oculos
2019 650 2297 718 oblongos5

411 724 638 780 tibiarum
661 723 740 774 seu
763 720 999 773 tuborum
1020 722 1187 781 instar,
1228 718 1391 790 quales
1415 719 1503 774 fint
1523 725 1691 791 paguri
1715 736 1763 774 et
1782 724 1939 775 astaci.
2014 729 2128 777 Hos*
2155 729 2291 777 enim

407 798 548 853 addit
566 815 667 850 non
688 793 945 864 supercilio
964 792 1172 846 inclusos
1193 792 1394 855 Oculos,
1437 794 1518 847 sed
1553 794 1730 862 longos
1759 809 1904 866 atque
1927 815 1998 849 rex
2026 798 2291 868 superciliis

415 873 564 939 longe
585 873 920 941 prominentes
943 865 1134 919 habere.
1240 870 1388 919 Hunc
1419 866 1451 920 fi
1482 868 1730 939 sequimur
1751 883 2003 932 autorem,
2046 872 2293 938 etymolo-

418 949 548 1014 giam
570 961 718 1016 quam
739 942 874 994 affert
896 937 1171 1012 Oppianus
1194 943 1412 993 nominis
1437 940 1759 1011 auloporum‚
1787 946 1847 994 ita
1869 942 2033 996 licebit
2055 950 2292 1015 interpre-

416 1022 508 1073 tari
517 1034 569 1071 ut
580 1019 817 1078 dicamus,
836 1029 1035 1085 poetam
1045 1013 1283 1083 supercilii
1295 1018 1498 1067 nomine
1509 1014 1710 1083 intelligi
1721 1015 1920 1069 voluisse
1932 1016 2143 1070 orbitam
2155 1019 2290 1072 oculi

407 1108 575 1147 -totam
608 1093 688 1144 seu
716 1093 988 1157 marginem
1008 1091 1109 1155 ejus
1132 1102 1405 1151 exta-ntem,
1445 1107 1548 1159 quo
1575 1089 1726 1142 veluti
1759 1089 1885 1144 tubo
1915 1090 2082 1144 inclufi
2105 1097 2294 1162 promi-

412 1167 600 1222 -nebant
631 1163 775 1218 oculi.
872 1167 931 1215 Et
959 1161 1183 1233 pro-feclo
1216 1162 1333 1214 nihil
1363 1161 1663 1232 probabilius
1693 1165 1864 1217 afferre
1896 1179 1979 1217 aut
2009 1171 2291 1234 excogitare

420 1241 616 1313 poffum
637 1239 698 1291 ad
721 1236 1060 1308 explicandam
1080 1235 1339 1289 obscuram
1360 1236 1473 1289 alias
1496 1236 1848 1305 etymologiam
1871 1255 1896 1290 a
1917 1254 2062 1308 poeta
2083 1235 2303 1294 allatam

405 1314 578 1369 -Verba
605 1331 774 1382 graeca
797 1315 942 1364 etiam
961 1328 1173 1380 ponam,
1211 1309 1243 1364 fi
1272 1314 1356 1381 qui
1382 1308 1508 1363 forte
1542 1311 1894 1378 ingeniosiores
1926 1312 2185 1367 rediiorem
2219 1319 2292 1368 in·-

419 1392 819 1460 terpretationem
865 1388 1073 1454 reperire
1113 1383 1383 1437 voluerint:
1438 1380 1608 1461 ὀφρῦς
1650 1381 1904 1461 ἠερόεσσοι
1936 1384 2294 1464 καθύπερθεν

418 1463 726 1535 ἑλισσομένη
761 1454 908 1518 mero}
938 1454 1131 1517 κύκλον
1161 1457 1470 1535 περίδρομος
1499 1455 1890 1536 ε’στεφοὲνωτοῳ.
1939 1480 2064 1532 quae
2095 1461 2291 1515 litterali

420 1541 481 1591 e'x
537 1537 933 1605 interpretatione
986 1531 1146 1584 latinis
1206 1533 1282 1585 his
1346 1533 1663 1601 respondent:
1717 1533 2032 1603 supercilium
2092 1540 2306 1604 nigrum*

417 1612 672 1678 (aereum)
705 1607 909 1676 desuper
934 1609 986 1659 in
1010 1605 1248 1658 circulum
1278 1604 1482 1658 duc‘ium
1504 1606 1798 1669 rotundum,
1831 1607 2050 1661 cinclum
2083 1612 2175 1672 est,
2209 1612 2291 1662 seu

420 1683 574 1738 veluti
595 1700 779 1736 corona
800 1683 881 1734 est.
955 1684 1412 1750 interpretationem
1429 1694 1568 1732 antea
1593 1679 1784 1732 allatam
1808 1682 1928 1733 dum
1949 1683 2142 1754 sequor,
2168 1684 2293 1736 mihi

422 1758 621 1811 tandem
642 1754 866 1826 reperisse
886 1754 1036 1807 video
1055 1772 1211 1821 genus
1235 1752 1436 1824 aliquod
1457 1755 1683 1823 piscium,
1718 1758 1799 1806 cui
1822 1770 1937 1808 nota
1959 1757 2081 1809 haec
2103 1762 2293 1828 optime

422 1834 670 1885 convenit.
747 1832 976 1880 Sciaenae
1003 1832 1137 1880 enim
1158 1826 1244 1879 sub
1277 1831 1482 1880 nomine
1511 1828 1666 1896 pisces
1696 1839 1917 1898 quatuor‘
1939 1830 2184 1885 Arabicos
2207 1832 2294 1883 de-

410 1903 602 1973 ·scripfit
630 1900 782 1973 Fors
779 1898 864 1955 Ιῐόἶ
884 1920 929 1971 p.
952 1916 1038 1966 48.
1083 1920 1298 1972 quorum
1319 1900 1452 1954 oculi
1477 1901 1660 1955 annulo
1683 1902 1818 1955 osseo
1838 1904 2032 1972 spinoso
2064 1920 2146 1958 aut
2173 1906 2293 1957 den-

421 1977 625 2031 ticulato
654 1975 801 2028 cincii
821 1977 957 2036 sunt,
992 1973 1238 2045 reliquum
1263 1993 1385 2028 vero
1411 1994 1591 2045 corpus
1610 1979 1742 2028 varie
1760 1975 1978 2044 picotum,
2021 1978 2192 2032 dentes
2222 1980 2292 2031 se-

420 2055 557 2105 tacei.
634 2055 821 2102 Verum
850 2062 1014 2100 tamen
1034 2048 1181 2116 longe
1206 2047 1372 2100 absum
1397 2048 1456 2100 ab
1478 2068 1530 2101 ea
1551 2053 1817 2118 opinione,
1844 2065 1897 2102 ut
1916 2051 2133 2105 anthiam
2156 2068 2292 2107 vete-

413 2145 531 2179 -rum
553 2128 603 2176 in
627 2142 688 2177 eo
706 2140 886 2191 genere
908 2121 1053 2174 latere
1088 2124 1376 2174 existimem.
1441 2122 1697 2176 Circulum
1720 2123 1908 2176 offeum
1929 2125 2194 2180 oculorum
2217 2131 2292 2179 in-

413 2198 583 2251 dicare
630 2197 792 2257 volui3
850 2214 941 2251 nec
987 2210 1177 2265 praeter
1216 2194 1569 2263 etymologiam
1618 2212 1904 2264 argumenta
1956 2200 2150 2269 poffum
2202 2200 2292 2254 alia

419 2275 606 2326 afferre.
728 2267 1022 2338 Aristoteles
1071 2269 1198 2339 apud
1241 2265 1551 2321 Athenaeum
1594 2275 1689 2322 VII.
1728 2288 1772 2339 p.
1809 2284 1927 2329 282.
1999 2272 2291 2341 callichthyn

412 2343 790 2421 (καλλῖχθυν)
819 2343 962 2394 tradit
991 2343 1175 2394 serratis
1202 2340 1430 2394 dentibus
1456 2343 1537 2394 seu
1561 2347 1740 2406 acutis,
1775 2348 2090 2399 carnivorum
2111 2362 2159 2400 et
2180 2366 2293 2416 gre-

417 2419 643 2488 gatilem3
681 2436 783 2488 quo
804 2415 919 2468 loco
939 2416 1147 2468 confisus
1170 2412 1498 2483 Kotldeletizts
1514 2414 1811 2487 Oppianum
1834 2420 2162 2488 reprehendit.
2197 2422 2292 2476 Sed

417 2493 583 2567 quaeri
606 2493 780 2561 potest,
813 2509 976 2543 annon
1004 2491 1102 2559 ipse
1124 2484 1416 2558 Aristoteles
1438 2489 1727 2558 callichthyn
1748 2490 1809 2544 ab
1829 2493 1988 2546 anthia
2004 2495 2292 2561 distinxerit,

415 2565 842 2640 quemadmodum
865 2567 1011 2616 etiam
1032 2561 1235 2616 Dorion
1256 2563 1386 2632 apud
1398 2560 1709 2618 Athenaeum
1733 2564 1759 2616 l.
1774 2584 1815 2617 c,
1853 2567 2097 2621 diversum
2116 2574 2293 2635 statuit,

416 2656 562 2713 atque
588 2639 715 2692 adeo
739 2639 834 2708 ipse
860 2634 1135 2708 Oppimms
1154 2641 1222 2688 111.
1255 2656 1274 2690 π
1293 2656 1311 2697 3
1329 2656 1370 2696 5.
1446 2635 1778 2692 Rowdeletius
1804 2659 1956 2709 porro
1992 2639 2294 2713 Oppiammz

415 2727 711 2783 argumento
732 2713 866 2763 escae
886 2709 1105 2763 refellere
1126 2723 1357 2772 conatur,
1400 2712 1535 2781 quod
1559 2712 1737 2766 anthiis
1757 2731 1927 2782 percas
1957 2729 2006 2767 et
2027 2721 2288 2772 coracinos

414 2791 634 2859 porrigit.
712 2786 806 2837 Sed
828 2784 904 2838 his
931 2788 1231 2852 argumentis
1258 2782 1379 2834 nihil
1410 2786 1633 2838 efficitur.
1745 2787 1943 2840 Tenedi
1973 2789 2165 2843 incolae
2192 2791 2286 2846 ho-

409 2863 572 2915 dierni
596 2861 713 2913 teste
733 2855 945 2913 Belonio
968 2857 1183 2911 anthiam
1206 2872 1410 2918 vocant,
1450 2877 1601 2929 quem
1621 2864 1799 2913 Veneti
1817 2858 2009 2925 falcem,
2051 2863 2130 2916 alii
2147 2863 2286 2919 Collo

408 2933 567 2996 Rece,
600 2934 736 3005 quod
766 2932 920 2986 frixus
944 2933 1023 2986 vel
1044 2932 1165 2985 assus
1189 2935 1240 2983 in
1266 2931 1519 3002 quoddam
1544 2932 1694 2986 veluti
1719 2933 1968 3001 glutinum
1992 2937 2284 3001 resolvatur3

412 3022 512 3060 tam
532 3011 598 3060 est
618 3006 968 3074 cartilagineus.
1053 3007 1129 3058 Est
1149 3005 1270 3058 vero
1291 3009 1332 3057 is
1355 3007 1494 3074 piscis
1519 3024 1669 3076 quem
1691 3005 1876 3060 Goucm
1899 3010 2282 3081 Trachipterum

410 3085 695 3137 nominavit.
773 3080 936 3136 Habet
954 3079 1033 3136 ille
1062 3078 1260 3135 aculeos
1288 3083 1467 3152 pinnae
1489 3079 1688 3135 dorsalis
1716 3095 1765 3136 et
1796 3083 2025 3138 ventralis
2056 3087 2284 3149 serratOS,

2225 3174 2281 3213 Ut
