2571 3775
2067 333 2139 384 71

265 461 532 520 cestreum‚
554 453 865 512 :chelonem>
912 446 1173 516 myxinum
1217 465 1266 504 et
1298 441 1693 520 cephalum'uno
1734 450 1897 521 aliquo
1935 452 2140 503 nomine

264 538 496 604 generico
519 526 764 596 complexi
792 528 1048 577 nominant
1063 520 1319 596 Diphilus
1338 538 1387 577 et
1404 520 1642 592 Hicesius.
1715 525 1941 595 Uterque
1963 524 2145 593 cepha—-

267 610 369 662 lum
392 606 618 660 omnium
639 603 887 669 optimum
909 599 1079 669 sapore
1101 597 1241 662 facit,
1273 598 1545 652 secundum
1574 600 1840 660 cesimum,
1890 596 1989 649 hoc
2019 595 2147 649 infe-

266 688 452 738 riorem
469 677 751 741 myxinum,
790 677 1023 726 omnium
1041 691 1161 727 vero
1182 674 1505 727 deterrimum
1523 672 1814 734 chelonem,
1861 688 2016 743 quem·
2039 667 2142 723 Hi-

265 753 408 823 cestus
430 748 674 802 bacchum
699 751 851 800 etiam
867 747 1092 818 appellari
1113 751 1203 811 ait,
1249 766 1275 801 a
1307 747 1490 802 rubore
1511 762 1636 817 puto
1657 746 1907 802 labrorum
1933 759 1982 797 et
2000 743 2146 796 bran-

265 829 518 886 cinianum,
563 842 715 895 quem
751 826 802 875 in
835 827 990 877 Maxo
1019 823 1110 876 suo
1138 826 1324 876 notavit
1363 819 1707 879 Rondeletius.
1791 824 1993 874 Nomen
2023 836 2146 872 vero

263 902 553 969 genericum
579 897 653 950 his
675 911 884 969 quatuor
913 896 1167 968 speciebus
1180 898 1448 969 posuerunt
1476 896 1827 957 leuciscorum,
1865 913 1891 948 a
1920 897 2146 964 corporis

263 977 349 1028 seu
370 975 682 1044 squamarum
701 972 935 1025 candores
1004 977 1174 1043 Itaque
1198 968 1569 1042 Aristoplzmzes
1591 975 1642 1023 in
1665 971 1837 1040 Vespis
1860 969 1998 1022 versu
2019 986 2150 1033 790.-

261 1049 431 1116 jocose
455 1066 550 1117 pro
575 1044 733 1100 tribus·
746 1044 912 1100 obolis
936 1049 1183 1114 argenteis
1208 1047 1395 1098 Atticis
1427 1059 1523 1098 tres
1547 1043 1699 1097 alicui
1721 1045 1945 1114 squamas
1967 1043 2145 1094 cestrei

263 1127 322 1175 in
339 1140 513 1175 manus
546 1120 653 1183 dat,
691 1138 814 1192 quas
842 1120 969 1173 alter*
985 1139 1089 1174 non
1116 1120 1385 1187 agnoscens
1405 1121 1566 1172 statim
1590 1121 1644 1170 in
1669 1136 1726 1172 os
1745 1116 1971 1170 servandi
1987 1117 2146 1183 gratia

265 1198 538 1250 inserit..—-
634 1197 822 1249 Contra
851 1192 1065 1248 Dorion
1094 1194 1327 1247 medicus·
1347 1194 1483 1264 apud
1507 1189 1822 1246 Athenaeum
1854 1193 2065 1244 cestreos
2094 1201 2146 1242 et

264 1275 485 1325 marinos
506 1283 556 1323 et
580 1269 845 1323 fluviatiles
863 1267 1003 1331 facit,
1031 1283 1082 1321 et
1102 1272 1281 1322 marini
1301 1269 1421 1322 duas
1441 1269 1629 1338 species
1651 1266 1936 1335 distinguit,
1966 1264 2148 1335 cepha-

262 1344 370 1398 lum
391 1360 441 1399 et
463 1346 619 1397 nestin
655 1346 898 1418 (νῆστιν).
974 1350 1163 1396 Verum
1183 1342 1363 1416 reliqui
1376 1360 1564 1397 omnes
1587 1344 1879 1411 scriptore&
1914 1341 2147 1411 inprimis

262 1422 427 1475 Attici
459 1421 702 1473 cestreum
735 1421 1096 1487 cognominare
1125 1416 1285 1472 solent
1312 1421 1497 1479 nestin,
1542 1417 1594 1468 id
1628 1418 1725 1474 est,
1771 1419 2021 1483 jejunum,
2059 1426 2146 1466 aut

263 1496 423 1548 nestin
451 1512 548 1564 pro
583 1494 771 1546 cestreo
803 1497 1082 1547 nominant.
1182 1493 1384 1546 Nomen
1419 1490 1611 1562 cephali
1648 1491 1829 1543 deinde
1869 1505 2145 1543 commune

262 1568 485 1641 piscibus:
506 1571 713 1621 marinis
741 1582 792 1620 et
808 1566 1129 1621 fluviatilibus
1161 1566 1459 1638 quibusdam
1478 1565 1599 1619 fecit
1621 1565 1955 1626 consuetudo,
1992 1576 2046 1615 ut
2080 1581 2144 1615 ex

264 1640 451 1700 Galewi
471 1641 609 1696 libris
630 1642 880 1696 discimus.
971 1642 1066 1694 Sed
1088 1641 1151 1694 de
1171 1642 1271 1695 hoc
1297 1642 1473 1696 seriori
1493 1639 1732 1712 loquendi
1766 1639 1853 1692 usu
1874 1657 2005 1691 nunc
2040 1655 2147 1690 non

264 1721 566 1791 quaerimus.
640 1722 716 1769 Ex
745 1716 823 1770 his
856 1719 1007 1784 igitur
1039 1734 1166 1787 quae
1197 1715 1456 1788 hucusque
1478 1715 1737 1785 disputavi,
1772 1715 1881 1767 fatis
1911 1729 2148 1783 apparere

263 1807 407 1865 puto,
426 1792 631 1862 pessime
652 1786 1008 1846 Bondeletium
1033 1789 1316 1844 Aristotelis
1341 1789 1512 1844 locum
1538 1794 1607 1843 i-ta-
1629 1793 2006 1859 interpr-etatinn
2029 1786 2145 1849 effe,

264 1882 322 1921 ut
343 1868 673 1920 cestraeorum
692 1883 873 1934 genera
897 1864 958 1918 ab
984 1884 1047 1919 eo
1069 1880 1460 1919 commemorata
1482 1864 1542 1918 ad
1566 1877 1861 1936 quaternum
1886 1873 2146 1916 revocaret.

265 1960 552 1996 numerum,
625 1945 705 1992 Ex
719 1938 900 2012 quibus
924 1944 1145 2010 primum
1165 1939 1455 2009 cephalum,
1495 1937 1704 1993 alterum
1725 1940 1992 1999 cestreum‚
2021 1956 2147 1990 eun-

266 2017 384 2069 dem
417 2018 568 2067 etiam
602 2016 785 2076 nestin‚
838 2013 1090 2067 bacchum·
1117 2029 1166 2067 et
1197 2032 1428 2084 peraeam
1464 2028 1514 2066 et
1544 2015 1736 2082 largum
1768 2027 1851 2066 aut
1879 2013 2145 2080 singilium,

263 2094 469 2145 tertium
506 2087 798 2151 labeonem,
864 2103 1096 2161 quartum
1133 2107 1408 2156 myxonem
1453 2103 1536 2142 aut
1585 2091 1848 2156 myxi-num
1893 2088 2145 2141 nominari

261 2163 476 2237 putabat.
497 2193 564 2203 —-·

412 2241 621 2291 Tertius
652 2233 946 2307 Aristotelis
977 2235 1209 2292 locus‘est
1229 2242 1308 2293 VI.
1342 2253 1426 2301 17r
1491 2237 1674 2299 Pifces,
1712 2238 1899 2308 inquit,
1941 2235 2147 2307 quidam

262 2316 462 2382 triginta
491 2312 600 2365 dies
622 2325 822 2364 uterum
843 2308 1033 2374 ferunt,
1069 2312 1152 2365 sed
1172 2312 1378 2383 plurimi
1400 2308 1523 2365 infra
1540 2311 1978 2373 huncnumerum,
2015 2324 2144 2363 tem-

264 2407 389 2460 pore
410 2406 499 2458 per
519 2385 861 2440 hebdomadas
881 2386 1168 2455 dispensato.
1262 2387 1552 2441 Diutiffime
1569 2401 1767 2439 uterum
1790 2383 1979 2448 ferunt,
2014 2403 2148 2456 quos·

264 2462 471 2535 quidam
517 2463 739 2515 marinos
778 2459 1039 2530 appellant.
1147 2465 1323 2531 Sargus
1368 2464 1500 2514 circa
1537 2462 1759 2514 mensem
1805 2459 2146 2514 Decembrem

263 2537 612 2606 (Posidonium
631 2537 833 2603 graece)
857 2538 988 2597 coit,
1021 2549 1072 2588 et
1085 2551 1283 2589 uterum
1299 2554 1387 2607 per
1412 2538 1612 2604 triginta
1631 2534 1725 2589 fert
1748 2535 1882 2598 dies,
1915 2550 1965 2588 et
1987 2553 2143 2607 quem

263 2611 419 2684 aliqui
439 2608 705 2664 chelonem
725 2609 809 2662 seu
826 2608 1089 2664 labeonem
1109 2609 1354 2681 appellant
1372 2628 1435 2663 ex
1456 2612 1668 2674 cestrei8‚
1695 2623 1745 2663 et
1763 2629 1934 2678 myxo,
1958 2609 2144 2664 eodem

263 2701 495 2757 tempore
516 2698 729 2746 coeunt,
769 2698 819 2736 et
839 2684 1131 2737 tantundem
1151 2688 1396 2757 temporis
1414 2699 1612 2738 uterum
1634 2683 1826 2748 ferunt,
1866 2703 2017 2758 quam
2049 2684 2144 2737 sara-

262 2780 373 2831 gus.
439 2759 690 2814 Laborant
708 2776 888 2812 omnes
905 2777 994 2829 per
1015 2759 1066 2811 id
1087 2773 1284 2831 tempus
1297 2778 1314 2822 ς
1361 2759 1493 2812 unde
1524 2761 1582 2812 fit
1601 2775 1657 2813 ut
1680 2774 1799 2813 tunc
1833 2761 2143 2831 potissimum

264 2849 411 2890 ruant
431 2838 482 2886 in
502 2848 683 2887 terram
712 2847 859 2904 atque
892 2834 1136 2886 excidant.
1219 2839 1460 2888 Feruntur
1477 2854 1632 2905 porro
1653 2838 1791 2904 gravi
1810 2833 2015 2888 stimulo>
2036 2836 2141 2901 agi-

265 2913 355 2965 tati
386 2912 440 2961 in.
466 2923 673 2971 terram,
722 2922 870 2979 atque
901 2911 1116 2963 omnino
1148 2909 1201 2961 id
1223 2913 1466 2980 temporis
1491 2924 1635 2963 motu
1665 2926 1910 2980 perpetuo
1931 2911 2142 2971 incitan-

261 3000 366 3048 tur,
424 2984 587 3036 donec
618 2986 834 3053 pariant3
888 2984 970 3036 sed
1011 2986 1244 3038 omnium
1276 2987 1494 3037 maxime
1532 2983 1632 3037 hoc
1666 2987 1875 3037 cestreus
1903 2981 2034 3035 facit.
2071 3010 2141 3026 --

259 3067 333 3116 Ex
365 3058 472 3119 his,
514 3061 678 3126 pergit
702 3055 1053 3128 philosophus,
1107 3062 1194 3129 qui
1224 3057 1300 3112 vel
1332 3060 1507 3113 aestate
1542 3055 1621 3112 vel
1653 3072 1899 3112 autumno
1923 3060 2139 3128 pariunt,

256 3138 419 3208 prima
458 3131 706 3198 amerina,
774 3130 993 3189 ultimus
1023 3150 1146 3190 vero
1199 3132 1463 3206 cephalus5
1522 3136 1653 3191 inter
1686 3137 1881 3206 primos
1923 3138 2139 3192 cestreus

1935 3226 2136 3283 partum
