2571 3775
1099 331 1393 385 ====
2104 328 2208 395 309'

267 448 519 510 d’Orient
543 451 606 506 ,ad
635 452 901 509 vitrearum
931 450 1304 517 margaritarum
1332 461 1557 502 naturam
1588 447 1957 505 adulterandam
1992 448 2207 505 adhibita

268 548 331 580 ex
356 531 557 598 cyprino
577 525 735 579 albula
756 528 897 577 Linn.
922 520 1311 595 frequentiffimo
1331 523 1606 577 rivulorum
1630 521 1834 595 hospite.
1911 527 2212 580 Continetur

270 617 436 655 autem
454 619 509 653 ea
539 598 842 653 membranis
873 615 1115 670 perquam
1135 596 1391 661 tenuibus,
1441 599 1809 670 squammarum
1827 596 1968 651 faciei
1989 598 2208 655 inferiori

269 675 602 744 agglutinatis,
639 677 687 726 in
707 673 889 746 quibus
911 687 1100 743 praeter
1128 673 1235 726 vasa
1265 673 1525 745 sanguinea
1550 672 1862 727 membranas
1882 672 2107 726 adeuntia
2130 689 2208 725 tu-

268 749 370 803 buli
389 747 529 801 multi
551 748 609 802 ad
632 745 1041 818 perpendiculum
1062 745 1145 800 fibi
1168 749 1386 800 invicem
1413 746 1612 819 appofiti
1634 750 1766 814 juxta
1787 762 2030 817 occupant
2052 762 2211 801 totam

268 822 637 896 squammarum
670 821 1066 893 longitudinem,
1108 836 1176 887 vet
1201 824 1345 893 preffi
1375 836 1580 893 utraque
1608 822 2209 876 extremitate'effundunt

266 901 526 951 materiem
549 911 845 965 argenteam.
921 901 1060 950 Haec
1079 915 1200 950 vero
1225 895 1312 970 sub
1331 897 1663 966 microscopio
1683 895 1893 966 inspecta
1916 910 2113 967 apparet
2132 899 2210 948 in'-

269 975 653 1025 numerismicis
674 972 754 1024 seu
769 970 970 1026 lamellis
988 970 1150 1035 solidis
1172 971 1305 1025 duris
1328 975 1542 1038 argentei
1563 970 1837 1041 splendoris
1863 980 1914 1023 et'
1931 969 2119 1024 formae
2135 988 2212 1023 re-

267 1046 447 1114 gularis
474 1045 798 1100 'accumulatis
831 1060 881 1100 et
913 1045 1090 1118 liquori
1119 1045 1266 1098 alicui
1296 1044 1624 1098 innatantibus
1659 1043 1940 1115 compofita.
2015 1050 2207 1096 Harum

267 1119 573 1174 lamellarum
602 1135 825 1174 naturam
855 1119 999 1191 plane
1034 1123 1301 1174 convenire
1331 1139 1448 1173 cum
1477 1121 1742 1192 squammis
1765 1157 1780 1182 ,
1840 1119 2066 1191 adeoque
2094 1118 2211 1170 huic

266 1199 502 1248 materiae
529 1199 775 1263 originem
805 1210 960 1267 atque,
986 1189 1352 1248 incrementum
1373 1192 1553 1248 debere
1572 1196 1848 1267 squammas
1880 1191 2206 1264 suspicabatur

267 1272 342 1322 vir
360 1268 682 1324 dodliffimus.
758 1270 945 1323 Eadem
969 1272 1169 1322 materia
1200 1282 1429 1337 argentea
1458 1267 1632 1322 referta
1663 1267 1901 1340 spedlatur
1922 1267 2213 1321 membrana

265 1344 353 1397 sub
375 1345 640 1415 squammis
663 1363 844 1415 corpus
865 1346 1097 1407 vestiens,
1125 1342 1208 1396 ubi
1233 1347 1502 1414 praeparari
1526 1362 1637 1397 eam
1657 1343 1941 1415 effundique
1964 1342 2141 1396 deinde
2162 1344 2210 1396 in

261 1418 630 1491 squammarum
648 1423 868 1489 proprias
890 1416 1201 1472 membranas
1233 1421 1435 1484 conjicit
1457 1417 1642 1472 Gallus.
1718 1422 1972 1472 Foramina
1991 1420 2212 1490 quinque

266 1492 344 1545 vel
381 1494 466 1545 sex
496 1497 546 1546 in
577 1492 916 1548 membranula
947 1494 1232 1566 squammae
1268 1496 1481 1547 cuiusvis
1511 1493 1768 1546 admittere
1787 1506 1923 1563 putat
1947 1492 2214 1544 adeuntem

265 1570 538 1620 materiam.
614 1572 845 1640 Denique
877 1572 1194 1640 peritoneum
1228 1567 1403 1622 eadem
1430 1571 1631 1622 materia
1661 1567 1904 1631 abundat,
1943 1565 2028 1619 sed
2062 1567 2212 1620 micis

266 1645 431 1694 minus
452 1640 617 1695 solidis
636 1642 885 1713 durisque.
1697 1640 1699 1643 ’

412 1720 467 1768 In
503 1714 722 1785 pluribus
756 1718 959 1787 piscium
993 1714 1270 1786 speciebus,
1312 1718 1460 1768 etiam
1489 1718 1544 1770 iis
1572 1719 1655 1789 qui
1684 1714 1819 1771 nullo
1840 1716 2210 1788 squammarum

264 1788 523 1859 splendore
552 1804 786 1858 argenteo
812 1788 1119 1861 spedlantur,
1194 1788 1350 1842 veluti
1393 1793 1630 1860 carpione
1669 1790 1858 1859 vulgari
1905 1790 2212 1852 flavescente,

268 1863 479 1917 eandem
508 1868 763 1917 materiam
796 1865 1105 1935 eandemque
1130 1862 1436 1917 lamellarum
1466 1865 1547 1917 seu
1569 1867 1811 1918 micarum
1840 1862 2055 1918 formam
2072 1881 2213 1933 repe-

264 1937 372 1990 riss‘e
401 1938 448 1991 se
488 1936 672 2010 ubique
701 1937 856 1991 afferit
882 1937 1082 1998 Gallus;
1138 1937 1331 1990 causam
1365 1956 1511 2000 ver0,
1574 1958 1660 1991 cur
1689 1941 1971 2013 squammae
2001 1938 2209 2008 piscium

268 2012 454 2066 horum
476 2027 711 2081 argenteo
733 2011 905 2067 colore
931 2010 1068 2066 nullo
1097 2011 1352 2082 splendent
1381 2011 1658 2084 pellucidae
1688 2018 1862 2085 repetit
1891 2012 2211 2080 conjiciendo

270 2104 295 2138 a
339 2087 532 2141 diverso
570 2090 817 2143 micarum
854 2087 1030 2142 ordine
1066 2101 1116 2140 et
1145 2084 1333 2156 glutine
1355 2123 1372 2150 ,
1439 2107 1541 2162 quo
1573 2091 1787 2142 invicem
1823 2093 2214 2159 compinguntur

268 2159 496 2230 singulae.

418 2239 682 2290 Variorum
713 2234 944 2290 colorum
971 2234 1202 2306 splendor
1240 2233 1356 2289 huic
1398 2239 1631 2290 materiae
1673 2234 1879 2290 debetur
1916 2240 1966 2290 in
2001 2234 2214 2306 piscibus

271 2312 422 2374 vivis,
460 2309 522 2363 ab
541 2328 698 2382 eaque
719 2310 903 2381 pendet
923 2314 1126 2364 varietas
1148 2309 1254 2373 illa,
1293 2328 1418 2383 quae
1450 2314 1499 2363 in
1524 2310 1718 2366 diversis
1742 2312 2044 2382 conspicitur
2064 2312 2217 2380 parti-

271 2383 377 2438 bus.
418 2388 495 2438 Sic
516 2387 566 2437 in
583 2389 785 2455 cyprino
805 2384 962 2438 albula
975 2384 1267 2451 (Gallorum
1279 2381 1453 2453 Able),
1472 2384 1557 2438 ubi
1573 2404 1655 2440 vas
1677 2387 1998 2455 sanguineum
2011 2381 2214 2456 aliquod

271 2456 399 2512 forte
421 2473 622 2530 ruptum
643 2460 930 2527 sanguinem
952 2459 1216 2522 effuderat,
1253 2461 1535 2532 squammae
1555 2459 1898 2514 branchiarum
1920 2458 2214 2531 operculum

273 2547 495 2601 tegentes
523 2553 627 2588 non
659 2532 793 2587 rufae
823 2533 904 2588 sed
935 2530 1095 2587 fulvae
1123 2533 1259 2587 velut
1287 2552 1464 2587 aurum
1492 2534 1789 2605 apparebant
1820 2535 1982 2589 Gallo.
2076 2534 2215 2587 Idem

273 2607 498 2662 videmus
518 2608 742 2663 accidere
772 2612 825 2661 in
849 2606 1090 2680 tapetibus
1117 2607 1337 2679 pelliceis
1366 2623 1570 2677 argento
1591 2608 1747 2673 illitis,
1780 2614 1860 2663 cui
1880 2609 2215 2680 superinduci-

271 2694 350 2735 tur
376 2686 548 2737 vernix
577 2681 694 2737 rufa.
789 2686 839 2735 Si
874 2702 976 2756 quo
1015 2687 1162 2751 igitur
1190 2687 1240 2735 in
1268 2683 1396 2752 pisce
1429 2687 1628 2737 materia
1659 2699 1886 2753 argentea
1926 2683 2217 2738 substratum

272 2756 419 2811 habet
450 2758 677 2812 vasorum
705 2758 1091 2826 sanguineorum
1122 2759 1350 2811 tenuium
1379 2756 1611 2828 plexum,
1671 2773 1789 2812 tunc
1821 2757 1962 2816 color
1990 2761 2214 2827 corporis

273 2848 476 2893 aureus;
533 2848 703 2886 contra
736 2831 769 2887 fi
796 2833 900 2886 vasti
930 2831 1158 2885 substrata
1189 2832 1444 2886 craffiores
1473 2830 1657 2886 habent
1682 2832 2020 2896 membranaS,
2073 2831 2216 2886 color

275 2905 527 2960 caeruleus
557 2921 765 2977 apparet.
843 2911 978 2962 Cum
1008 2920 1173 2961 morte
1205 2924 1326 2960 vero
1356 2908 1496 2978 piscis
1527 2908 1630 2960 vasa
1666 2908 1921 2977 sanguinea
1951 2922 1999 2961 et
2030 2906 2216 2978 reliqua

272 2980 503 3035 exfiecaea
527 2985 658 3034 varie
679 2982 1061 3049 contrahuntur,
1094 2981 1321 3056 adeoque
1345 2986 1493 3036 etiam
1518 2986 1651 3054 prior
1670 2982 1750 3036 ille
1775 2982 2005 3039 colorum
2024 2981 2218 3037 vividus

220 3103 224 3107 .
270 3055 497 3128 splendor
516 3054 657 3113 fimul
675 3062 812 3129 perit.

1198 3207 1292 3277 (ζει
1332 3220 1356 3270 3
2070 3210 2214 3261 Hanc
