2571 3775
1055 314 1348 336 ·““-·“““·““
2040 321 2141 367 113

255 435 560 489 natationem
582 447 640 488 -et
667 429 889 486 volatum
918 425 1139 497 ambigui
1170 422 1283 479 ferri
1303 423 1548 479 dicuntur.
1624 427 1720 480 Sed
1751 443 1800 482 et
1833 428 1955 484 haec
1982 435 2151 486 omnia

254 509 478 564 translata
498 510 605 561 sunt
620 526 688 561 ex
709 502 956 576 Oppiano
972 508 1005 555 I.
1027 514 1130 567 428
1148 502 1276 573 seqq.
1351 502 1468 552 Huc
1480 502 1629 568 igitur
1639 502 2152 571 redeuntgraecorum

251 580 550 649 scriptorum
567 582 858 628 testimonia.
939 581 1084 631 Nunc
1107 574 1249 629 latina
1270 573 1557 635 videamus3
1599 593 1662 628 ex
1694 575 1872 646 quibus
1905 581 2149 648 quaedam

253 646 449 710 Artedi
479 652 616 720 supra
649 649 709 701 ad
742 651 925 714 Genus
938 656 985 701 6.
1014 648 1259 719 apposuit3
1305 664 1457 717 quam
1477 647 1637 710 redte,
1682 668 1816 703 nunc
1843 652 2061 718 judicare
2092 653 2148 705 li-

253 726 395 780 cebit.
471 721 680 778 Plinius
703 728 784 775 IX.
815 741 917 794 cap.
943 741 1026 786 27.
1063 721 1247 777 Volitat
1277 720 1524 785 hirundo,
1567 723 1678 775 ssme
1713 742 1955 796 perquam
1983 725 2147 781 similis

251 799 447 853 volucri
470 797 752 852 hirundini:
795 801 916 852 item
939 797 1133 851 milvus.
1208 794 1350 847 Subit
1373 800 1422 849 in
1444 798 1632 858 summa
1654 801 1803 851 maria
1823 799 1963 869 piscis
1984 819 2047 853 ex
2070 819 2146 853 ar-

251 886 493 942 gumento
531 871 794 943 appellatus
832 872 1052 936 lucerna,
1116 871 1379 942 linguaque
1411 874 1552 939 ignea
1588 890 1675 942 per
1703 891 1763 925 os
1804 875 1984 927 exserta
2016 889 2146 930 tran-

248 947 410 1018 quillis
430 946 656 1000 nofflbus
681 947 881 1007 relucet,
958 946 1063 1000 Ubi
1096 944 1342 1017 praeclare
1374 947 1473 1010 jam
1500 945 1623 999 olim
1653 946 1775 999 vidit
1804 946 2144 1003 ,Roadeletius

245 1021 386 1074 aliter
416 1022 870 1092 interpungendum
902 1038 953 1075 et
978 1020 1248 1089 legendum
1269 1019 1387 1071 effe:
1424 1016 1542 1072 item
1568 1017 1750 1073 milvus
1754 1018 1907 1091 subit
1936 1020 2142 1093 insum-

247 1113 328 1149 ma
349 1094 530 1150 maria.
586 1093 757 1167 Piscis
787 1111 877 1148 etc,
962 1095 1149 1148 Milvus
1177 1097 1311 1148 enim
1339 1097 1422 1146 vix
1454 1092 1644 1156 evolat,
1683 1094 1766 1146 sed
1797 1100 1979 1148 natanti
2013 1095 2141 1151 fimi-

246 1167 341 1223 lior
374 1168 530 1234 fertur
570 1189 657 1240 per
688 1171 939 1222 summum
972 1188 1135 1231 mare,
1179 1182 1231 1220 ut
1275 1186 1391 1219 cum
1415 1164 1661 1239 Oppiam
1688 1166 1939 1223 Aelianus
1975 1164 2139 1235 refert,

244 1262 463 1316 quorum
486 1258 652 1297 tamen
681 1246 773 1315 ipsa
805 1243 952 1296 verba
980 1244 1143 1314 posuit
1165 1243 1460 1312 ineptissime
1481 1239 1815 1308 Humanam,
1852 1257 1906 1297 ut
1938 1242 2140 1300 Konde-

241 1316 414 1373 Ietimn
444 1318 697 1372 refelleret.
771 1324 937 1391 Itaque
972 1337 1104 1371 nunc
1123 1317 1334 1383 ‘lucerna
1367 1334 1428 1369 ex
1455 1318 1662 1385 piscium
1692 1317 1966 1371 volantium
1986 1334 2134 1375 coetu

243 1393 378 1446 miss‘a
399 1392 573 1456 abibit,
610 1392 741 1446 unde
765 1394 953 1445 malum
973 1393 1155 1463 pedem
1184 1390 1357 1444 intulit.
1435 1389 1662 1443 Debetur
1698 1395 1833 1445 enim
1875 1397 2045 1464 inepto
2072 1409 2135 1450 et

242 1469 518 1521 monstroso
557 1467 772 1521 hominis
804 1467 1006 1534 alicujus
1048 1469 1252 1535 nugacis
1282 1468 1512 1533 ingenio,
1583 1468 1667 1536 qui
1705 1464 1924 1535 linguam
1957 1483 2130 1523 contra

238 1544 446 1612 piscium
477 1561 674 1596 morem
702 1542 941 1595 exsertam
968 1546 1166 1610 igneam
1196 1559 1289 1610 pro
1328 1537 1570 1592 miraculo
1608 1538 1806 1592 addidit.
1904 1543 2128 1599 Eandem

238 1616 384 1671 nobis
434 1616 688 1670 lucernam
737 1615 943 1686 praefert
991 1613 1202 1670 Plinius
1254 1618 1455 1667 XXXII.
1511 1631 1614 1684 cap.
1654 1634 1673 1666 1
1693 1633 1733 1667 1.
1768 1616 1914 1669 'inter
1956 1618 2127 1687 pisces,

236 1709 389 1762 quam
408 1710 560 1762 porro
583 1690 849 1744 extindlam
870 1691 1118 1763 quiescere
1147 1691 1389 1760 patientur
1413 1691 1504 1742 viri
1527 1686 1689 1751 docti,
1739 1707 1865 1761 quos
1896 1691 2125 1746 difficiles

238 1765 420 1819 habere
441 1785 593 1835 nugas
619 1785 722 1819 non
741 1768 885 1832 juvat.
969 1764 1192 1832 Milvago
1213 1766 1407 1835 quoties
1427 1777 1560 1815 extra
1581 1781 1758 1836 aquam
1779 1781 2004 1819 cernatur
2032 1785 2123 1820 vo-

237 1839 408 1903 litans,
446 1841 752 1912 tempestates
784 1842 968 1892 mutari
994 1838 1212 1892 Trebius
1239 1839 1392 1905 Niger
1424 1835 1596 1890 audior
1633 1839 1702 1891 est
1730 1839 1858 1909 apud
1886 1838 2122 1895 Plinium

236 1918 433 1967 XXXII.
457 1934 497 1967 c.
521 1933 566 1967 2.
642 1919 791 1967 Hunc
821 1916 1128 1984 postremum
1158 1911 1327 1966 locum
1367 1915 1561 1982 repetiit
1588 1909 1844 1981 lfidorzw,
1897 1911 2122 1987 QJomztlz

236 2003 287 2042 et
309 1988 481 2043 audior
511 1988 621 2043 libri
643 1990 704 2042 de
723 2003 889 2041 natura
919 2007 1083 2041 rerum
1109 1987 1238 2058 apud
1265 1983 1322 2041 V
1323 1983 1591 2040 iacentium
1615 1992 1762 2039 XVII.
1788 2006 1891 2058 cap.
1915 1995 1999 2041 66.
2034 1990 2121 2043 ad-

234 2062 371 2130 jed‘tis
391 2065 453 2116 de
473 2064 560 2117 suo
575 2068 776 2132 ingenio
805 2061 1047 2115 lutulento
1065 2064 1257 2131 ineptiis
1277 2059 1481 2132 aliquot,
1517 2061 1946 2132 quemadmodum
1969 2067 2117 2119 etiam

235 2137 300 2190 de
333 2137 486 2191 milvo
517 2139 659 2207 pisce.
765 2142 962 2190 Locum
996 2134 1206 2188 audioris
1237 2133 1411 2187 Gallici
1442 2134 1505 2186 de
1534 2148 1702 2187 natura
1738 2155 1901 2188 rerum
1924 2142 2118 2207 repetiit

232 2207 483 2266 Albem‘us
513 2217 689 2265 XXIV.
710 2229 758 2279 p.
782 2229 902 2274 244.
921 2229 960 2262 a.
1045 2209 1254 2280 Ubique
1282 2205 1493 2278 Milago
1524 2209 1657 2261 audit
1677 2208 1752 2262 his
1790 2211 2117 2281 scriptoribus.

231 2289 285 2338 In
336 2281 769 2358 Pfiudo-Ovidii
812 2284 1026 2337 Halieut.
1071 2285 1208 2336 versu
1242 2288 1326 2348 96.
1386 2286 1705 2336 nominantur
1740 2287 1884 2353 nigro
1919 2300 2120 2354 tergore

230 2359 382 2414 milvi.
457 2362 628 2431 Atque
649 2361 770 2412 haec
797 2359 1001 2430 quidem
1022 2356 1129 2411 loca
1142 2371 1374 2411 veterum
1395 2357 1685 2427 scriptorum
1705 2356 2020 2422 suntomnia,
2050 2380 2114 2414 ex

232 2433 413 2507 quibus
444 2434 685 2499 judicium
714 2451 866 2487 omne
895 2433 1090 2503 pendet.
1184 2431 1337 2485 Vides
1367 2429 1488 2484 ultra
1507 2427 1801 2493 Aristotelis
1833 2432 2115 2489 dod’trinam

231 2513 531 2562 recentiores
574 2528 677 2562 non
706 2507 979 2577 progressos
1024 2506 1144 2569 effe,
1199 2504 1288 2558 nili
1329 2519 1382 2557 ut
1411 2504 1618 2558 milvum
1660 2505 2008 2576 adjungerent,
2065 2523 2115 2564 et

232 2586 489 2654 utriusque
520 2583 739 2636 volatum
770 2582 1129 2650 distinguerent.
1214 2580 1502 2646 Adjungam
1536 2599 1669 2633 nunc
1697 2579 1868 2635 locum
1899 2584 2117 2654 praecla-

227 2677 342 2711 rum
372 2657 432 2710 ab
461 2657 692 2712 omnibus
723 2655 952 2710 omissum
984 2675 1046 2709 ex
1069 2659 1370 2723 fragmento
1402 2653 1793 2708 Halieuticorum
1838 2654 2023 2717 Ovidii
2052 2658 2115 2713 ab

231 2729 446 2786 Hieron.
469 2728 711 2786 Columna
743 2731 904 2793 edito,
946 2729 1032 2783 ubi
1058 2731 1195 2784 versu
1218 2747 1303 2792 74.
1358 2742 1406 2781 et
1436 2728 1743 2800 sequentibus
1774 2733 2012 2786 vHirundo
2047 2734 2116 2786 Ia-

229 2810 289 2859 tis
310 2806 554 2874 eleganter
576 2811 804 2876 pingitur.
893 2806 1177 2858 Dicendum
1198 2802 1395 2871 Illyricis
1417 2801 1585 2856 volitat
1606 2807 1693 2875 qui
1711 2806 1855 2875 piscis
1877 2811 1926 2859 in
1953 2807 2113 2870 undis,

230 2898 381 2952 quam
399 2882 550 2934 vastas
573 2880 749 2934 habeat
769 2884 894 2934 vires
917 2884 966 2933 in
987 2898 1226 2950 corpore3
1267 2880 1488 2949 quamvis
1511 2896 1644 2931 arma
1656 2878 1789 2931 haud
1814 2879 1906 2933 ulla
1918 2881 2113 2935 homini

231 2955 419 3007 dederit
441 2969 605 3008 natura
631 2955 859 3009 nocendi.
936 2955 1035 3024 Ipse
1057 2954 1183 3025 lupo
1202 2951 1414 3006 affimilis
1434 2970 1611 3022 parvo3
1654 2954 1879 3025 fetaeque
1907 2973 2113 3009 conian„

229 3043 304 3081 tes
332 3028 560 3082 demiffae
601 3046 850 3083 extremae
881 3027 1102 3082 lambunt
1133 3029 1345 3082 confinia
1376 3025 1586 3087 caudae,
1636 3045 1989 3100 purpureoque
2016 3033 2111 3082 mi-

226 3117 340 3158 cant
372 3105 645 3160 tenuissima
679 3104 806 3166 colla
826 3104 1011 3160 colore.
1089 3107 1138 3157 Si
1166 3101 1293 3158 forte
1327 3101 1618 3156 adventante
1648 3100 1728 3157 die
1763 3117 1911 3176 caput
1931 3102 2115 3232 exthlit

1204 3181 1240 3232 P
1947 3197 2014 3233 un
2052 3183 2113 3242 is,
