2571 3775
1101 399 1394 421 --·
2081 383 2211 459 '303

268 515 542 586 crystallino
560 515 760 570 humori
789 511 1320 584 alibi'appropinquat‚
1359 510 1443 565 nifi
1467 512 1549 566 ubi
1572 519 1689 567 cum
1708 512 1931 568 substrata
1955 521 2210 584 uvea'cry:

232 654 236 659 ,
270 593 516 648 stallinum
542 593 808 643 humorem
840 588 963 648 adit3
1003 588 1142 639 usum
1166 587 1381 657 denique
1407 587 1784 656 dirigendorum
1808 590 2062 643 radiorum
2085 590 2209 645 lucis

271 667 462 721 nullum
482 665 623 734 plane
644 664 711 717 ob
732 662 873 715 litum
894 681 1011 714 eum
1033 660 1213 713 habere
1238 663 1406 732 potest.

343 776 345 778 -
420 742 580 805 Pergit
606 741 682 790 vir
716 736 892 790 doeius
923 736 1001 788 his
1031 733 1214 789 verbis:
1264 740 1511 789 Praeterea
1542 738 1590 787 in
1622 734 1714 788 hac
1734 736 2042 804 pinguedine
2075 755 2207 806 pone

270 813 567 867 choroideae
597 812 821 864 medium
860 809 1141 878 glandulam
1180 808 1509 862 orbicularem
1542 809 1737 879 planam
1770 808 1974 862 obscure
2009 810 2206 863 rubram

270 887 527 958 conspexi,
569 904 694 957 quae
722 889 857 948 nervi
886 888 1043 954 optici
1070 898 1298 938 extremo
1319 888 1369 936 in
1390 887 1590 936 cavitate
1611 883 1742 938 oculi
1763 888 2040 952 pominenti
2063 899 2109 938 et
2134 890 2208 938 in—

268 977 433 1017 ternae
462 962 733 1029 superficiei
757 960 1036 1012 scleroticae
1067 960 1271 1011 firmiter
1299 957 1542 1010 adhaeret.
1657 956 2208 1012 Glandulam'nominat

268 1056 387 1088 cum
417 1032 619 1097 lcovzb,
666 1053 817 1105 quem
847 1033 1009 1086 laudat
1036 1033 1227 1094 illustris
1255 1028 1529 1092 Hallerus‚
1566 1049 1716 1102 quam
1748 1032 1952 1084 musculi
1983 1049 2205 1086 naturam

266 1110 448 1163 habere
472 1129 589 1162 cum
621 1105 886 1162 Derlmmo
916 1105 1267 1173 Phyficotheol.
1298 1124 1345 1174 p.
1361 1123 1480 1165 203-
1504 1105 1736 1160 versionis
1757 1111 2045 1172 germanni
2067 1125 2206 1169 1732

266 1184 445 1237 rcthus
466 1184 626 1235 cenlet
645 1179 899 1236 Hallerus.
941 1181 1034 1233 Sed
1055 1185 1290 1253 quoniam
1313 1193 1448 1232 totus
1466 1178 1665 1233 vasculis
1689 1179 1960 1246 languineis
1980 1179 2207 1234 obtezstus

268 1258 437 1323 rubet,
471 1256 613 1309 facile
634 1255 891 1324 glandulae
918 1256 1130 1325 speciem
1163 1253 1361 1328 praebet
1389 1255 1687 1324 imprudenti
1716 1253 1903 1306 sectori.
1978 1259 2205 1322 Figuram

266 1336 308 1388 is
333 1332 469 1385 nullo
495 1332 651 1385 modo
676 1330 1026 1392 orbicularem,
1064 1329 1144 1381 sed
1175 1330 1411 1397 segmenti
1445 1327 1689 1380 circularis
1712 1326 1884 1390 habet,
1924 1332 1973 1381 in
1995 1328 2206 1399 piscibus

264 1403 418 1459 saltim
451 1412 540 1468 iis,
574 1424 701 1477 quos
730 1402 973 1458 Hallerus
1008 1403 1254 1465 dissecuit,
1295 1416 1345 1455 et
1374 1405 1424 1453 in
1455 1401 1623 1455 brania
1655 1416 1702 1460 et
1735 1401 1948 1465 hallero,
1987 1422 2204 1475 quorum

265 1481 441 1535 oculos
461 1481 690 1533 subtiliter
715 1478 940 1532 diffeelos
959 1498 1074 1530 cum
1094 1473 1297 1530 Halleri
1318 1476 1640 1546 descriptione
1659 1495 1829 1529 coram
1853 1477 2026 1531 habeo.
2101 1483 2204 1530 De-

265 1557 379 1608 inde
398 1554 641 1607 musculus
666 1558 704 1606 is
726 1573 829 1606 non
851 1557 901 1606 in
924 1552 1210 1605 membrana
1223 1552 1305 1604 seu
1322 1565 1456 1620 parte
1476 1565 1701 1617 argentea
1715 1551 2030 1615 choroideae,
2052 1570 2202 1623 quam

264 1630 578 1700 pinguedinis
610 1628 847 1680 candidae
877 1631 1081 1681 nomine
1113 1626 1313 1695 signavit
1343 1628 1416 1677 vir
1447 1624 1651 1687 dodim,
1690 1624 1801 1677 fitus
1827 1629 1927 1689 est,
1970 1627 2049 1678 scd
2074 1631 2201 1680 inter

264 1705 415 1773 ipsam
453 1718 498 1755 et
540 1701 879 1755 membranam
914 1703 993 1754 seu
1023 1716 1212 1771 partem
1247 1704 1435 1767 nigram
1478 1699 1778 1753 choroideae
1810 1698 1981 1752 locum
2010 1700 2201 1754 obtinet

261 1777 550 1830 membrana
573 1777 824 1829 vascularis
850 1775 909 1830 ab
936 1772 1148 1828 Hallero
1170 1773 1293 1826 dieia
1308 1811 1322 1834 ,
1360 1792 1421 1825 ex
1446 1781 1544 1845 qua'
1561 1772 1751 1827 vascula
1770 1772 1976 1843 plurima
1999 1779 2049 1826 in
2070 1776 2201 1837 adia-

261 1848 768 1905 centem>musculum
801 1848 1092 1902 circularem
1124 1847 1225 1902 fere
1252 1862 1531 1900 excurrunt.
1610 1846 1902 1901 Scleroticae
1925 1849 2092 1902 nullibi
2115 1850 2201 1901 ad-¹

261 1927 462 1985 haeret;
516 1925 673 1977 media
705 1928 839 1976 enim
870 1937 1095 1991 argentea
1126 1921 1412 1975 membr-ana
1440 1920 1645 1991 impedit
1678 1921 1810 1974 hunc
1847 1942 2059 1983 nexum3
2118 1923 2199 1976 sed

263 2005 428 2067 nigrae
470 1998 785 2051 membranae
824 1999 909 2049 seuv
946 2001 1077 2066 parti.
1104 1996 1401 2048 choroideae
1442 1995 1609 2047 leviter
1647 1994 1932 2050 annediitur.
2029 2002 2201 2052 Nervo

262 2078 435 2143 optico
457 2093 559 2126 non
581 2073 716 2126 aliter
738 2071 821 2124 nifi
841 2072 1001 2123 media
1028 2069 1311 2123 membrana
1334 2068 1576 2122 vasculola
1597 2069 1840 2123 adhaeret.
1895 2070 2026 2124 Male
2051 2076 2198 2139 igitur

263 2152 441 2200 iterum
477 2146 609 2201 oculi
642 2152 903 2199 cavitatem
945 2150 1202 2198 nominare
1238 2144 1433 2196 videtur
1462 2148 1534 2197 vir
1564 2142 1754 2196 docqtus.
1846 2146 1986 2198 Idem
2019 2146 2199 2199 deinde

262 2239 427 2275 tamen
458 2221 756 2275 choroideae
789 2221 909 2273 duas
939 2219 1154 2273 lamellas
1184 2233 1410 2279 annotat,
1466 2236 1672 2289 eamque
1706 2221 1836 2271 intus
1872 2219 2020 2273 livere
2054 2236 2199 2273 extus

261 2295 496 2350 infuscam
528 2310 752 2348 annotat:
819 2294 914 2346 Sed
945 2312 1069 2366 quae
1097 2294 1204 2346 illae
1239 2293 1324 2346 fint
1352 2291 1570 2346 lamellae
1604 2311 1704 2345 non
1735 2293 1896 2346 docet.
1969 2294 2200 2347 Similiter

262 2369 648 2424 uveaelamellas
670 2384 764 2423 tres
782 2407 796 2431 ,
837 2369 957 2422 duas
977 2368 1179 2441 quidem
1199 2367 1451 2421 tendineas
1465 2403 1479 2426 ,
1519 2370 1712 2419 tertiam
1731 2365 2040 2435 fuliginosam
2063 2368 2198 2423 fibris

260 2446 521 2506 radiatam,
561 2445 716 2496 tradit.
791 2448 978 2495 Verum
1010 2463 1112 2497 non
1142 2443 1249 2495 satis
1281 2439 1412 2494 recffre
1442 2458 1599 2493 uveae
1628 2445 1838 2509 primani
1859 2442 2099 2496 lamellam
2131 2447 2200 2496 ait

262 2519 437 2573 iridem
455 2533 795 2586 argentaceam
816 2516 1056 2577 formare3
1095 2535 1246 2570 uveae
1262 2519 1397 2568 enim
1416 2518 1619 2567 nomine
1640 2516 1792 2568 hodie
1815 2536 1966 2571 nemo
1989 2519 2051 2571 de
2075 2518 2198 2571 iride

262 2593 489 2647 abutitur.
574 2596 802 2645 Retinam
830 2590 1118 2644 albidamet
1148 2590 1401 2642 mucoiam
1431 2587 1710 2658 fimpliciter
1736 2607 1960 2652 annotat3
2018 2611 2197 2645 mucus

261 2684 429 2721 autem
459 2665 539 2720 ille
569 2665 760 2719 albidus
786 2678 849 2718 an
878 2670 1043 2733 niger,
1080 2679 1134 2718 ut
1155 2668 1203 2717 in
1228 2663 1451 2734 plurimis
1473 2660 1574 2714 fere
1595 2664 1835 2732 piscibus,
1877 2665 1955 2727 sit,
1986 2667 2194 2720 definire

259 2742 431 2796 omilit.
543 2745 768 2794 Veritatis
802 2745 958 2794 amori
1002 2743 1260 2793 communi
1293 2735 1593 2790 condonabit
1623 2742 1695 2790 vir
1727 2739 2030 2794 doc‘iiffimus
2068 2741 2197 2793 hanc

260 2815 756 2874 animadverfi011em3
792 2831 873 2868 aut
904 2813 1051 2867 ficubi
1080 2812 1228 2867 verba
1261 2817 1363 2865 eius
1394 2810 1520 2864 male
1543 2809 1718 2864 fuerim
1741 2817 2103 2884 interpretatus,
2141 2819 2192 2869 in

258 2891 476 2961 sequenti
495 2890 652 2962 aliqua
677 2908 834 2943 novae
855 2890 1083 2944 editionis
1102 2886 1333 2958 particula
1366 2903 1585 2938 errorem
1605 2885 1754 2941 facilis
1780 2893 2009 2955 corriget.

409 2970 461 3016 In
493 2968 682 3032 cyprini:
709 2963 874 3017 balleri
925 2970 945 3027 (
963 2967 1135 3017 nostris
1167 2959 1485 3032 piscatoribus
1511 2956 1667 3030 Zope
1698 2961 1853 3019 dieii)
1885 2962 2018 3015 oculi
2051 2962 2191 3031 iridis

257 3056 368 3108 pars
400 3040 615 3108 superior
648 3038 865 3100 maculas
888 3036 1042 3091 fuscas
1072 3036 1245 3098 habet,
1285 3034 1470 3104 reliqua
1494 3036 1573 3085 iris
1593 3038 1639 3085 in
1662 3039 1777 3088 vivo
1796 3038 1921 3105 pisce
1942 3052 2198 3105 argentea,

253 3118 475 3181 margine
506 3113 666 3166 versus
703 3112 935 3181 pupillam
973 3112 1249 3164 lutescente.
1346 3111 1530 3162 Contra
1563 3104 1983 3164 Blom‘sms-meus
2013 3119 2055 3165 V
2059 3111 2121 3165 ol,
2154 3117 2189 3164 Ι.

251 3205 301 3258 p.
323 3197 409 3244 02.
437 3187 612 3244 iridem
639 3201 796 3243 totam
822 3185 1175 3251 luteam-facit,
1215 3190 1298 3260 qui
1329 3182 1467 3239 color
1501 3181 1621 3239 solet
1651 3183 1744 3239 effe
1774 3189 1879 3241 eius
1904 3190 1951 3241 in
1971 3185 2189 3258 piscibus

2021 3263 2187 3331 spiritu
