2571 3775
1096 331 1387 355 “““““““““““
2095 333 2202 385 3ῐ7

262 470 376 506 mus
396 470 456 506 ex
477 454 662 506 cortice
695 447 971 503 cerasorum
1000 465 1229 502 emanare
1252 450 1453 502 succum
1487 446 1825 516 lacrymosum.
1901 445 2078 501 Oculis
2099 459 2204 499 erat

263 527 512 589 rotundis,
549 541 602 579 ut
633 524 749 577 nihil
780 524 1038 577 rotundius
1067 523 1301 586 viderim,
1343 525 1683 592 magnitudine
1713 541 1814 576 non
1847 519 2200 574 excedentibus

263 601 439 655 oculos
469 603 602 670 parvi
631 596 816 659 vitelli,
880 611 1090 669 excepta·
1112 611 1250 668 parte
1279 596 1557 662 ambiente,
1625 614 1750 670 quae
1778 595 1915 649 valde
1949 594 2053 647 alba
2085 608 2201 647 erat.

264 674 525 745 Supercilia
546 672 654 744 pilis
675 671 926 735 carebant,
959 690 1177 743 quorum
1206 675 1473 725 eminentia
1505 685 1606 725 erat
1631 670 1722 724 alta
1751 684 1847 723 tres
1875 669 2068 736 digitos.
2147 673 2201 720 In
2262 676 2265 677 ’

261 752 418 803 rostro
439 747 625 820 aliquot
644 746 771 817 pilos
789 745 1025 809 habebat,
1061 747 1141 799 [ed
1163 746 1381 815 graciles.
1440 751 1493 799 In
1514 760 1657 816 parte.
1671 749 1771 799 oris
1792 747 2034 797 anteriore
2055 755 2201 812 atque

261 822 490 876 inferiore
529 822 633 875 duo
666 825 831 890 magni
870 821 1042 874 dentes
1080 840 1142 874 ex
1180 834 1396 892 utroque
1437 823 1577 875 rostri
1613 818 1793 888 angulo
1838 814 2201 888 prominebant,

262 902 410 950 etiam
438 915 500 949 ex
535 915 623 949 ore
650 895 838 959 clauso,
898 914 1027 968 quos
1060 899 1188 948 inter
1216 894 1483 949 existebant
1514 908 1723 968 quatuor
1753 890 1989 946 denticuli
2020 893 2202 958 exigui.

260 976 383 1024 Item
403 975 453 1024 in
472 984 608 1041 parte
628 971 794 1041 supera
817 983 865 1022 et
883 975 1038 1023 antica
1060 970 1164 1024 duo
1186 973 1355 1038 magni
1378 970 1550 1022 dentes
1573 983 1725 1031 erant,
1757 971 1883 1021 inter
1904 968 2032 1038 quos
2052 968 2201 1017 inter-

261 1043 500 1098 cedebant
520 1045 668 1113 longe
692 1048 913 1098 minores
944 1059 1159 1116 quatuor
1187 1044 1376 1097 dentes.
1451 1042 1679 1111 Singulae
1701 1040 1924 1095 maxillae
1946 1037 2202 1092 armabam-

259 1134 338 1172 tur
361 1120 551 1188 septem
578 1118 828 1173 dentibus:
866 1121 1078 1172 rostrum
1113 1122 1163 1171 in
1192 1119 1436 1190 quadrum
1459 1116 1782 1186 redigebatur.
1871 1118 2000 1166 Nam
2022 1110 2120 1165 fere
2139 1109 2200 1164 ab

259 1198 365 1246 imo
385 1193 708 1246 adsummum
731 1194 905 1246 eadem
920 1208 1020 1246 erat
1039 1193 1292 1245 latitudine
1314 1211 1407 1265 qua
1418 1189 1572 1255 frons,
1593 1210 1717 1264 quae
1741 1188 1995 1260 patebatin
2014 1205 2200 1240 novem

257 1268 453 1336 digitos.
530 1266 697 1321 Rittus
718 1268 1004 1340 quadratura
1028 1266 1106 1320 fita
1129 1271 1254 1320 inter
1273 1267 1400 1320 duos
1425 1267 1594 1320 dentes
1624 1265 1904 1335 angularcS,
1942 1281 2072 1334 quos
2096 1261 2201 1313 dixi

256 1346 540 1413 prominere
561 1356 694 1394 extra
724 1361 808 1404 oa,
843 1346 1073 1396 intererat
1091 1342 1293 1413 spatium
1317 1341 1623 1412 semipedale.
1699 1339 1784 1393 Ab
1813 1336 2062 1391 Arabibus
2094 1339 2202 1388 eius

257 1416 564 1470 curatoribus
594 1415 939 1487 percunciatus
972 1417 1080 1469 sum
1110 1434 1261 1488 quam
1298 1434 1481 1469 vocem
1517 1416 1663 1469 edere
1694 1411 1899 1468 soleret?
1948 1415 2094 1464 Unus
2123 1427 2200 1463 re-

254 1491 452 1559 spondit
475 1495 722 1563 equinam,
757 1490 876 1544 alter
897 1491 1152 1544 mulinam.
1216 1496 1404 1543 Verum
1427 1494 1614 1544 nationi
1639 1488 1799 1542 vafrae
1830 1485 1949 1540 nihil
1975 1485 2199 1546 credens,

256 1565 380 1625 iliius
401 1583 540 1619 aures
557 1563 705 1636 paulo
731 1570 921 1634 gravius
941 1564 1118 1619 vellere
1141 1569 1309 1635 coepi:
1345 1565 1426 1618 sed
1448 1564 1632 1617 nullam
1651 1582 1830 1619 vocem
1850 1561 2025 1614 elicere
2042 1561 2200 1629 potui.

255 1640 547 1711 Arabesque
571 1638 718 1692 semel
744 1653 793 1708 et
826 1644 1035 1702 iterum,
1076 1640 1309 1692 mercede
1329 1638 1601 1710 proposita,
1636 1636 1804 1692 frustra
1827 1635 2103 1695 sollicitavi,
2143 1645 2198 1684 ut

254 1713 397 1766 illum
418 1717 655 1782 cogerent
676 1733 857 1767 vocem
889 1713 1099 1784 aliquam
1133 1717 1374 1766 emittere.
1450 1718 1565 1767 Hoc
1597 1732 1755 1765 unum
1785 1712 2020 1763 duntaxat
2040 1707 2197 1760 adno-

253 1793 379 1850 tavi,
416 1789 599 1842 eodem
628 1786 885 1840 anhelandi
904 1788 1064 1841 sonitu
1084 1788 1339 1857 respirare,
1374 1806 1477 1859 quo
1502 1787 1592 1840 bos
1613 1787 1747 1840 solet.
1782 1784 1969 1838 Edebat
1988 1780 2195 1835 foenum

255 1877 304 1915 et
325 1876 510 1924 cetera,
545 1881 669 1933 quae
702 1861 855 1916 boves
891 1875 938 1915 et
967 1866 1080 1932 equi
1104 1862 1251 1914 edere
1276 1860 1445 1915 solent.
1523 1864 1637 1927 Ejus
1660 1875 1806 1931 caput
1829 1857 2195 1912 similitudinem

255 1935 456 2004 gerebat
475 1935 646 1988 bubuli
667 1939 860 2005 capiti83
897 1936 1032 1987 tarde
1060 1933 1392 2003 gradiebatur,
1426 1949 1480 1987 ut
1499 1936 1575 1989 sus
1600 1938 1908 2005 perpinguiS,
1946 1950 2098 2004 quem
2120 1947 2198 1981 re-

253 2009 472 2063 ferebat:
527 2013 578 2062 in
615 2008 844 2063 cubando
875 2008 1118 2078 gaudebat
1147 2010 1320 2062 versari
1351 2014 1401 2062 in
1432 2009 1548 2063 loco
1582 2009 1805 2062 humido.
1882 2007 2195 2060 Mitiffimum

257 2098 383 2147 erat,
422 2085 566 2154 seque
586 2083 765 2156 palpari
786 2083 1081 2154 patiebatur,
1121 2102 1277 2156 osque
1300 2088 1504 2154 impune
1524 2086 1709 2154 aperiri·
1726 2102 1750 2135 a
1770 2080 2050 2136 volentibus
2074 2077 2198 2132 fine—

257 2158 351 2211 bat.
400 2163 453 2210 In
478 2158 594 2212 Nilo
619 2173 818 2228 captum
843 2157 1035 2225 aiebant
1055 2158 1163 2214 effe.
1213 2157 1298 2212 Ille
1327 2177 1474 2222 vero,
1507 2162 1646 2213 cuius
1666 2162 1861 2211 corium
1883 2156 1941 2209 ad
1966 2157 2197 2214 remitto,

256 2247 428 2302 captus
450 2230 540 2284 fuit
567 2236 616 2285 in
638 2237 864 2285 Damiata
886 2232 1020 2285 urbe.

406 2306 600 2360 Deinde
618 2302 809 2360 Gillias
829 2305 936 2361 loca
970 2307 1261 2377 scriptorum
1289 2322 1542 2369 veterum,
1579 2306 1861 2367 Herodoti,
1894 2300 2198 2362 Aristotelis,

255 2381 497 2444 Diodori,
534 2381 788 2434 Pausaniae
815 2396 863 2435 et
879 2381 1021 2433 Plinii
1041 2398 1324 2452 comparat,
1366 2396 1413 2435 et
1439 2380 1805 2435 fimilitudinem
1834 2380 2196 2449 hippopotamo

254 2457 343 2509 suo
365 2474 456 2508 nec
479 2458 618 2527 equi,
667 2473 759 2507 nec
789 2454 936 2509 bovis
968 2474 1062 2508 nec
1091 2456 1185 2508 suis
1217 2455 1359 2525 plane
1389 2460 1654 2510 convenire
1686 2456 2010 2513 demonstrat3
2051 2455 2198 2519 igitur-

256 2549 349 2583 nec
372 2530 815 2600 hippopotamum‚
854 2548 947 2582 nec
974 2529 1428 2599 choeropotamum
1459 2549 1550 2582 nec
1581 2530 1792 2602 denique
1825 2529 2197 2598 boopotamum

255 2603 387 2658 ree’t'e.
403 2603 630 2674 appellari
654 2602 802 2674 poffe.
880 2606 1065 2658 Contra
1087 2607 1139 2656 in
1160 2603 1259 2656 Nili
1285 2603 1485 2658 coloffei
1513 2608 1732 2657 Vaticani
1762 2603 1858 2657 bafi
1879 2601 2059 2655 affabre
2081 2598 2196 2652 scal-

254 2694 368 2749 ptos
398 2678 784 2749 hippopotamos
813 2678 998 2747 septem
1016 2677 1133 2732 tales
1154 2678 1274 2741 esse,
1314 2678 1481 2749 quales
1501 2679 1598 2748 ipse
1620 2678 1803 2730 vidisset
1823 2680 2062 2745 Byzantii,
2099 2672 2197 2727 fine

255 2753 365 2821 juba
380 2791 394 2816 ,
430 2752 527 2806 fine
547 2751 739 2820 ungulis
763 2751 940 2805 bifidis.
1013 2757 1243 2824 Denique
1264 2753 1469 2805 dubitari
1492 2752 1625 2823 posse
1645 2756 1709 2805 ait
1729 2751 1885 2815 recie,
1925 2768 2090 2803 rerum
2112 2766 2196 2799 na-

255 2842 360 2881 tura
390 2842 436 2879 et
469 2827 550 2880 nili
575 2826 752 2880 fimiles
784 2827 852 2879 sui
879 2841 963 2880 aut
998 2825 1117 2881 bovi
1145 2826 1531 2899 hippopotamos
1565 2845 1785 2900 unquam
1811 2845 1869 2878 an
1895 2825 2194 2894 scriptorum

256 2901 480 2956 socordia
505 2905 669 2970 potius
689 2900 866 2954 tulerit.

403 2979 781 3045 Hippopotamo
821 2973 1066 3038 subiunxit
1103 2971 1296 3028 Gillias
1340 2973 1546 3027 brevem
1590 2973 2006 3043 Camelopardalis
2041 2973 2189 3024 maris

254 3049 636 3102 delineationem
667 3051 785 3118 Cap.
814 3054 895 3101 IX.
925 3049 1109 3102 caudae
1141 3048 1282 3102 bovis
1318 3052 1624 3116 grunnientis
1656 3048 1810 3099 Indici
1851 3050 1972 3117 Cap.
1993 3053 2053 3100 X.
2087 3045 2191 3099 ich-

250 3128 519 3180 neumonis
543 3125 858 3195 Aegyptiaci,
898 3128 1155 3198 murisque
1179 3122 1378 3179 Arabici
1402 3137 1452 3176 et
1471 3124 1762 3195 Aegyptiaci
1783 3125 1899 3195 Cap.
1922 3128 2003 3177 XI.

1190 3201 1267 3254 Rr
1311 3216 1333 3263 3
2033 3198 2190 3250 Muris
