2571 3775
291 763 374 806 No.
402 774 444 817 4.

279 1221 363 1265 No.

382 1232 407 1276 *xl

409 1251 422 1264 θ

504 363 613 410 104
1288 354 1609 382 εει-μαιώσα-
1679 349 1681 353 ·

498 470 611 547 cap.
632 494 653 526 1
671 490 712 526 ῐ.
753 473 889 528 amni·
909 484 958 525 et
981 470 1102 524 mari
1125 478 1452 524 communem
1474 468 1618 523 tradit
1639 472 1753 524 cum
1778 469 1881 527 aliis
1909 490 2120 545 peream.
2170 471 2386 549 'Reliqui

502 548 672 607 Plinii
697 549 797 602 loci
817 547 1083 600 medicinas
1105 564 1166 597 ex
1185 559 1325 615 perca
1348 544 1556 596 tradunt.
1611 551 1689 599 De
1709 555 1854 616 perca
1873 548 2055 602 fluviali
2080 546 2138 602 V
2137 546 2384 616 immitius

503 621 652 679 XVII.
687 643 728 676 c,
754 634 838 687 78.
873 635 922 674 et
941 616 1236 674 Alexander
1257 617 1447 670 ibidem
1462 618 1627 683 idem,
1675 638 1828 692 quem
1848 617 1990 676 Cuba
2011 622 2235 677 laudavit.
2296 655 2304 661 -·

619 705 844 773 χΧοῖροςκ
892 700 970 749 De
1003 693 1118 747 loco
1151 689 1404 745 Athenaei
1434 705 1485 743 et
1517 689 1727 748 Aeliani
1747 694 1927 750 reffius
1955 698 2135 750 dieitur
2172 696 2292 751 infra
2324 699 2385 752 ad

502 777 675 829 Genus
704 790 784 834 35.
817 783 864 822 et
887 772 937 820 in
956 766 1250 838 Appendice
1276 765 1337 818 ad
1357 766 1661 835 Capriscum.

651 840 878 900 Acerina
898 838 1067 896 Plimi
1091 835 1364 894 Valeriani
1385 838 1578 892 medici.
1674 846 1716 893 Is
1738 844 1789 893 in
1807 839 1932 895 libro
1956 847 2159 915 quinto,
2195 849 2280 918 qui
2308 860 2385 899 to-

500 936 578 976 tus
603 930 665 974 ex
685 913 1274 987 Alexandro,Tralliano
1292 911 1502 967 barbaro
1525 915 1750 968 sermone
1772 916 2131 972 conlarcinatus
2149 921 2218 972 est
2240 937 2281 972 c.
2304 927 2380 973 16.

500 988 544 1049 c'.
563 1015 650 1062 41.
678 988 931 1047 acerinam
955 987 1068 1042 alibi
1087 1003 1332 1042 acerinam
1353 1002 1499 1041 vocat
1518 990 1570 1040 in
1591 989 1812 1045 editione
1827 989 2100 1054 Balileenfi‚
2128 997 2191 1045 ita
2217 1008 2380 1047 tamen

502 1079 557 1122 'ut
592 1070 773 1123 nescias
808 1064 946 1137 quod
977 1062 1058 1116 ille
1092 1079 1279 1115 nomen
1314 1074 1550 1129 graecum
1581 1061 1785 1131 intelligi
1828 1078 1878 1116 et
1917 1065 2126 1118 reddere
2158 1065 2383 1120 voluerit.

501 1145 627 1198 Vide
649 1160 774 1214 quae
793 1140 1032 1209 disputavi
1042 1136 1175 1190 olim
1195 1136 1396 1206 copiose
1411 1135 1475 1188 ad
1496 1133 1798 1208 Oppianum
1826 1156 1871 1208 p.
1913 1157 1934 1200 3
1948 1151 1973 1198 8
1989 1157 2029 1202 3,

510 1227 514 1230 ’
543 1209 548 1214 ’
646 1211 906 1291 Λάβραέ,
942 1211 1161 1273 Labrax³
1207 1215 1407 1281 proprie
1438 1209 1667 1278 gulosum
1694 1225 1744 1263 et
1764 1230 1995 1266 voracem
2023 1213 2205 1284 piscem
2239 1212 2384 1282 figni-

502 1294 631 1346 ficat.
691 1284 988 1359 Aristoteles
1007 1290 1069 1338 I-I.
1092 1286 1156 1338 A.
1183 1288 1215 1336 1.
1247 1304 1290 1346 ς.
1328 1284 1433 1337 duo
1465 1288 1722 1354 pinnarum
1742 1290 1900 1355 paria,
1932 1306 2090 1340 unum
2118 1292 2166 1340 in
2195 1302 2383 1349 ventre,

503 1367 711 1419 alterum
742 1364 804 1416 ad
832 1359 1002 1433 pedius
1022 1360 1237 1430 superius
1260 1357 1442 1410 habent
1466 1373 1629 1411 aurata
1653 1372 1700 1411 et
1720 1357 1899 1414 labrax.
1970 1361 2070 1415 .Ad
2101 1361 2382 1416 thoracicos

503 1445 650 1510 igitur
669 1434 890 1491 Limlaei
912 1438 1134 1506 pertinet.
1195 1436 1330 1484 VIII.
1364 1450 1441 1498 ¹9·
1481 1437 1564 1504 qui
1589 1432 1776 1504 lapides
1797 1437 1850 1486 in
1868 1439 2025 1505 capite
2048 1450 2254 1503 gerunt,
2279 1436 2382 1488 hie.

499 1519 594 1568 mis
615 1512 764 1580 frigus
787 1527 931 1578 aegre
949 1513 1223 1579 patiuntur,
1244 1520 1299 1558 ut
1318 1504 1496 1559 labrax.
1573 1507 1711 1559 Idem
1725 1508 1787 1560 de
1803 1507 1922 1580 lupo
1932 1527 1995 1562 ex
2015 1508 2114 1562 hoc
2136 1507 2252 1563 1000
2272 1506 2385 1564 Pli-

500 1586 618 1642 nius
638 1592 720 1639 IX.
739 1604 840 1656 cap.
861 1605 876 1636 ι
891 1590 937 1636 6.
971 1586 1153 1654 repetit.
1197 1584 1317 1632 VIII.
1341 1597 1386 1632 2.
1424 1579 1750 1651 utplurimum
1769 1580 1941 1647 carne,
1960 1583 2208 1637 interdum
2236 1588 2384 1637 etiam

498 1662 608 1731 alga
626 1660 805 1715 viclitat
826 1656 1003 1711 labrax.
1057 1662 1137 1711 IV.
1167 1666 1210 1715 8.
1232 1667 1374 1708 acute
1395 1654 1543 1717 audit.
1607 1660 1686 1709 IV.
1716 1674 1793 1707 10.
1835 1658 2138 1713 dormientes
2168 1658 2382 1711 interdiu

503 1737 713 1791 tridente
730 1737 1080 1805 percutiuntur.
1137 1734 1195 1782 V.
1219 1747 1266 1794 9.
1322 1735 1396 1782 Ex
1417 1727 1556 1781 classe
1572 1726 1885 1784 fulaneorum
1901 1733 2134 1801 piscium,
2167 1736 2252 1804 qui
2283 1745 2383 1785 tur-

502 1815 600 1865 mis
620 1812 811 1878 magnis
832 1807 1092 1868 incedunt,-
1131 1801 1299 1856 labrax
1317 1801 1445 1856 solus
1468 1800 1544 1855 bis
1562 1807 1683 1872 parit
1705 1807 1754 1855 in
1772 1821 1929 1866 anno,
1965 1805 2045 1858 sed
2078 1804 2267 1860 foetura
2288 1824 2381 1876 po-

501 1888 673 1939 sterior
696 1885 936 1936 infirmior
967 1882 1069 1933 est.>
1108 1877 1280 1947 'Quod
1299 1895 1359 1930 ex
1380 1874 1681 1946 Philosopho
1704 1883 1893 1947 repetiit
1917 1876 2195 1950 Oppianus
2217 1885 2249 1931 I.
2267 1899 2286 1942 5
2304 1892 2384 1946 89.

499 1978 566 2013 ex
589 1954 833 2030 Oppiam
861 1951 1099 2008 Aelianus
1116 1957 1177 2004 X.
1203 1969 1247 2003 2.
1330 1956 1409 2004 De
1431 1949 1548 2020 lupo
1571 1950 1705 2003 idem
1724 1948 1933 2005 Plinius
1957 1958 2037 2005 IX.
2067 1972 2207 2018 c.51.
2226 1954 2382 2008 tradit.

501 2039 578 2086 VI.
610 2049 681 2100 ¹7·
700 2032 874 2084 aestate
894 2031 1016 2099 parit
1037 2025 1214 2079 labrax.
1253 2022 1335 2077 ubi
1359 2024 1421 2077 ad
1443 2025 1650 2094 piscium
1672 2026 1926 2080 cursorum
1948 2026 2140 2081 claffem
2163 2025 2382 2081 refertur.

498 2114 556 2161 V.
594 2126 670 2158 ιο.
699 2105 761 2159 ad
782 2105 902 2157 ostia
928 2105 1195 2155 fluviorum
1225 2113 1318 2152 ova
1352 2098 1600 2168 deponere
1631 2114 1774 2152 amat.
1824 2106 1942 2154 VIII.
1968 2120 2048 2164 30.
2087 2101 2270 2171 mugil,
2317 2102 2383 2156 la-

501 2183 622 2236 brax
644 2194 692 2233 et
714 2175 888 2249 reliqui
908 2177 1143 2249 squamati
1167 2172 1387 2244 plerique
1406 2173 1590 2240 gravidi
1613 2173 1692 2225 esu
1714 2175 1822 2227 sunt
1835 2179 2027 2242 ingrati.
2082 2180 2276 2229 Graece
2295 2177 2381 2230 hic

501 2259 699 2325 legitur:
739 2249 830 2328 χρὴ
851 2251 892 2309 ὁι
921 2245 1213 2310 λεπιδωτοὶ.
1251 2245 1388 2318 'quafi
1424 2266 1527 2299 non
1552 2265 1710 2299 omne
1743 2249 1947 2318 piscium
1974 2267 2129 2316 genus
2159 2251 2382 2321 squamas

502 2330 694 2384 habeat.
771 2325 948 2381 Codex
977 2321 1236 2378 Mediceus
1263 2321 1496 2390 scriptum
1523 2319 1694 2373 habet:
1732 2319 1846 2397 2492>
1880 2323 1920 2380 ὁ,
1961 2319 2130 2383 Rom&
2163 2321 2378 2384 πλωτοὶ.

504 2403 596 2458 Etfi
619 2419 740 2455 vero
760 2403 908 2452 etiam
923 2402 1001 2451 VI.
1029 2417 1044 2447 1
1064 2414 1104 2458 3.
1124 2399 1247 2447 inter
1269 2394 1424 2464 pisces
1450 2392 1721 2464 lepidotOS,
1757 2400 1785 2447 i.
1809 2415 1850 2449 e.
1870 2397 2154 2468 squamosos
2175 2396 2380 2451 refertur

511 2478 694 2538 labrax,
726 2472 899 2542 mugil,
931 2468 1161 2542 cephalus
1188 2482 1235 2522 et
1254 2467 1415 2527 etelis;
1447 2485 1514 2520 ex
1538 2486 1601 2521 eo
1624 2469 1726 2539 ipso
1749 2483 1914 2524 tamen
1934 2470 2050 2526 loco
2073 2486 2269 2542 apparet
2288 2472 2382 2525 effe

504 2555 791 2623 genericum
817 2564 1003 2600 nomen
1024 2542 1253 2615 aliquod,
1292 2555 1347 2594 ut
1366 2540 1442 2593 illa
1464 2541 1641 2613 quibus
1663 2541 1849 2597 ibidem
1871 2548 2045 2606 utitur3
2102 2547 2225 2600 alios
2247 2550 2381 2599 enim

505 2628 654 2700 pisces
672 2618 928 2682 alborum,
967 2618 1092 2672 alios
1112 2614 1324 2671 laem-'um
1354 2620 1556 2668 nomine
1575 2616 1802 2684 designat.
1885 2619 2134 2687 Mugilum
2167 2621 2381 2690 speciem

505 2702 718 2772 aliquam
739 2699 920 2750 Graeci
943 2693 1162 2754 πλῶτρι,
1200 2703 1248 2742 et
1272 2707 1558 2741 muraenam
1580 2687 1822 2766 πλωτήν,
1856 2690 1988 2745 latini
1997 2691 2186 2763 flutam
2215 2692 2378 2763 appel..

506 2776 691 2835 larmit,
713 2773 947 2844 quoniam
965 2772 1013 2819 in
1033 2766 1228 2818 fiunmo
1247 2781 1462 2834 aequore
1476 2777 1640 2816 natare
1658 2779 1801 2818 amat.
1859 2763 2079 2819 Alcaeus
2089 2771 2234 2819 etiam
2247 2767 2378 2837 apud

505 2847 820 2905 Athenaeum
862 2842 1104 2895 labracem
1144 2837 1402 2890 sublimem
1428 2852 1592 2890 natare
1636 2843 1716 2892 ait.
1773 2839 1889 2891 -Sed
1928 2843 1980 2892 in
2006 2843 2125 2893 Hist.
2157 2840 2376 2893 Animal.

505 2929 586 2976 IX.
616 2940 690 2989 37.
724 2932 887 2991 aperte
906 2926 1223 2986 opponuntur
1243 2910 1325 2964 fibi
1344 2911 1495 2980 pisces
1526 2910 1713 2965 stabiles
1744 2925 1795 2965 et
1826 2914 2045 2968 cursores
2068 2912 2269 2975 πλωτοὶ
2293 2933 2377 2984 ap-

506 2997 677 3067 pellati.
765 2998 907 3046 Hanc
929 2993 1184 3042 notionem
1209 2990 1357 3038 etiam
1382 2984 1461 3036 hic
1482 2986 1745 3039 tenendam
1771 3001 1907 3056 puto.
2000 2986 2156 3042 Gaza
2194 2987 2378 3058 ubique

510 3072 680 3139 lupum
705 3073 1039 3136 interpretatus
1061 3063 1141 3114 est.
1227 3054 1504 3130 Oppianus
1537 3065 1570 3110 I.
1610 3072 1725 3112 1¹2.
1780 3059 1992 3113 labraces
2024 3081 2160 3114 mare
2198 3065 2377 3114 fluvio-

509 3142 618 3197 rum
643 3144 771 3196 ostiis
792 3154 839 3194 et
859 3142 1034 3207 stagnis
1046 3138 1265 3189 vicinum
1285 3151 1447 3188 amare
1473 3147 1522 3187 et
1540 3134 1677 3205 saepe
1700 3137 1750 3186 in
1769 3137 1950 3191 fluvios
1970 3136 2226 3189 ascendere
2239 3139 2383 3186 canit,

2173 3207 2385 3281 squillas
